3240 5258
372 469 438 532 134
813 471 923 524 Xaver
940 469 1058 534 Htirth,

370 647 474 710 1332:
499 646 611 720 γίνεται
634 649 700 708 τοῖς
722 646 778 721 μὲν
801 645 924 718 τεῖχος
948 640 1068 720 ὀχυρὸν
1092 639 1140 700 καὶ
1168 637 1417 717 χαράκωμαῐ),
1446 637 1500 717 qui

415 749 507 813 locus
530 747 614 810 redit
635 747 675 810 ad
696 747 809 810 Icrem.
828 745 878 825 52,
903 744 932 824 4,
956 741 1013 804 ubi
1035 744 1167 805 vertunt

415 849 525 912 LXX:
557 851 606 911 καὶ
624 845 954 926 περιεχαράκωςαν
974 845 1072 920 αὐτὴν
1088 845 1137 906 καὶ
1157 843 1499 925 περιῳκοδόμηςαν

461 949 559 1026 αὐτὴν
582 945 784 1027 τετραπέδοις
807 948 928 1030 κύκλῳ

416 1051 574 1133 Aquila:
678 1056 802 1129 τεῖχος
826 1050 945 1133 κύκλῳ

416 1155 680 1238 Symmachus:
785 1151 989 1232 χαράκωμα
1012 1151 1140 1234 κύκλῳ.

460 1257 581 1320 Locum
605 1277 622 1320 ο
647 1256 811 1338 Scriptura
840 1260 1003 1338 sumptum
1033 1273 1103 1318 esse
1134 1253 1212 1316 dicit
1238 1254 1308 1335 ipse
1340 1258 1446 1316 orator
1467 1253 1499 1335 (ὅ

372 1382 463 1441 φηςιν
487 1363 505 1439 ἡ
531 1361 597 1424 θεία
622 1361 747 1440 Γραφή).
779 1358 860 1421 Cum
883 1362 990 1421 autem
1018 1377 1084 1419 vox
1107 1355 1280 1434 χαράκωμα
1309 1356 1347 1416 in
1372 1356 1498 1419 Veteris

370 1465 562 1528 Testamenti
593 1463 794 1526 versionibus
824 1482 889 1525 non
918 1463 1102 1526 invenietur
1128 1461 1191 1523 nisi
1219 1460 1280 1522 hoc
1310 1459 1495 1541 Symmachi

369 1568 454 1648 loce,
484 1568 538 1630 vix
572 1565 782 1629 dubitandum
813 1569 873 1647 cst,
924 1566 982 1633 uin
1017 1564 1191 1646 Gregorius
1218 1561 1497 1644 Symmachianum

370 1671 467 1732 huius
490 1669 552 1732 loci
575 1669 756 1732 versionem
787 1672 860 1731 ante
891 1667 1000 1730 oculos
1031 1665 1183 1745 habuerit,
1214 1663 1291 1728 licet
1321 1665 1356 1726 id
1386 1666 1498 1729 iudicii

369 1773 583 1854 integritatem
612 1771 771 1853 infringat,
803 1770 888 1852 quod
915 1769 1020 1849 verba,
1050 1787 1131 1852 quae
1160 1767 1243 1849 apud
1268 1768 1497 1848 Symmachum

370 1879 443 1938 ente
473 1876 646 1953 χαράκωμα
669 1873 773 1956 κύκλῳ
798 1873 995 1955 legebantur,
1019 1875 1144 1934 servata
1165 1889 1230 1932 non
1255 1875 1332 1932 sunt
1355 1873 1372 1950 ).

369 1976 397 2039 B
409 1977 459 2057 32,
476 1974 562 2057 quod
578 1979 673 2057 caput
688 1974 828 2038 abundat
845 1975 924 2036 locis
937 1993 954 2036 e
967 1972 1131 2056 Scriptura
1142 1972 1272 2054 haustis⁷
1286 1972 1424 2055 legimus
1437 1974 1496 2036 hoc

357 2069 362 2078 ’
415 2077 549 2141 alterurn
572 2076 703 2159 praebet
727 2075 925 2158 exemplum:

369 2180 433 2243 λύει
455 2182 494 2243 τὰ
517 2181 551 2243 ἐν
582 2176 664 2262 μέςῳ
686 2185 809 2245 ςκῶλα
828 2183 877 2244 καὶ
893 2180 1178 2259 προςκύμματα;
1197 2185 1368 2262 utramque
1386 2201 1496 2245 vocem

413 2283 597 2346 invenimus
627 2283 661 2344 in
682 2283 830 2347 versione
845 2282 940 2346 LXX
957 2285 1183 2365 interpretum
1205 2283 1261 2346 sed
1281 2282 1391 2345 ambas
1422 2303 1497 2346 con-

413 2387 538 2449 iunctas
568 2404 634 2447 non
664 2386 725 2448 nisi
760 2386 898 2467 Aquilae
929 2387 1032 2449 versio
1060 2385 1198 2468 praebet.
1238 2385 1381 2448 Vertunt
1411 2386 1493 2448 enim

413 2487 473 2551 Ies.
489 2487 571 2550 VIII
588 2488 645 2550 14:
806 2551 808 2556 ,

413 2588 523 2652 LXX:
553 2589 610 2653 κᾶν
632 2589 680 2652 ἐπ’
697 2590 781 2672 αὐτῷ
801 2593 960 2654 πεποιθὼς
980 2593 1024 2673 qt,
1045 2590 1126 2654 ἔςται
1148 2611 1195 2654 cor
1219 2590 1260 2652 εἰς
1289 2589 1423 2668 ἁγίαςμα
1446 2591 1493 2653 καὶ

460 2693 519 2769 οὐχ
536 2692 579 2755 ὡς
597 2693 684 2755 λίθου
701 2694 959 2772 προςκόμματι
980 2696 1208 2774 ςυναντήςεςθε,
1226 2694 1303 2756 οὐδὲ
1320 2694 1364 2757 ὡς
1381 2692 1495 2771 πέτρας

458 2796 604 2872 πτώματι.
629 2795 666 2858 Οἱ
681 2798 717 2858 δὲ
741 2792 817 2859 οἶκοι
841 2797 947 2876 Ἰακὼβ
972 2797 1006 2860 ἐν
1029 2797 1134 2871 uerter
1151 2798 1199 2858 καὶ
1223 2796 1257 2858 ἐν
1282 2798 1494 2872 κοιλάςματι

459 2897 662 2974 ἐγκαθήμενοι
686 2898 720 2961 ἐν
744 2899 945 2978 Ἱερουςαλήμ.
1443 2979 1446 2984 ¹

414 2998 590 3079 Aquilam
614 3017 690 3062 vero
713 3018 770 3081 pro
791 3000 965 3076 κοιλάςματι
988 2999 1153 3083 scripsisse
1177 3005 1286 3083 (κώλῳ
1311 3000 1455 3064 efficitur
1477 3018 1494 3062 e

458 3101 696 3184 Theodoreto³)‚
724 3103 780 3183 qui
801 3101 893 3165 dicit:
922 3102 1178 3182 {taciturnum
1201 3106 1218 3181 ἢ
1243 3104 1374 3185 (κώλῳ
1403 3104 1494 3166 κατὰ

457 3206 522 3267 τὸν
541 3203 708 3286 Ἀκύλαν,
732 3207 751 3282 ἢ
777 3204 940 3287 ςκανδάλῳ
966 3205 1045 3268 κατὰ
1068 3209 1143 3270 τοὺς
1167 3205 1291 3270 ἄλλους.

368 3309 488 3391 Aquila
509 3309 608 3391 igitur
630 3309 780 3392 praebuit
803 3309 990 3387 πρύςκομμα
1014 3315 1046 3372 et
1069 3312 1190 3373 ςκῶλον
1215 3309 1397 3370 coniuncta.

370 3409 468 3473 022:
499 3412 564 3476 Ούκ
587 3413 615 3475 εί
635 3433 661 3474 τι
685 3413 734 3474 καὶ
761 3415 916 3474 λυπείςθαι
941 3413 1000 3490 χρὴ
1024 3411 1210 3476 τούναντίον
1237 3410 1493 3492 άνιαςώμεθατῇ

413 3513 558 3595 παροικίᾳ
592 3513 790 3594 μηκυνομένῃ
826 3510 955 3594 (Psalm.
982 3514 1061 3594 119,
1093 3515 1128 3595 5)
1163 3515 1253 3577 κατὰ
1287 3515 1354 3577 τὸν
1391 3517 1493 3577 θεῖον

414 3614 533 3692 Δαβὶδ
559 3618 744 3692 ςκηνιίιματα
770 3617 943 3690 ςκοταςμού
972 3617 1021 3676 καὶ
1044 3615 1147 3678 τόπον
1170 3619 1337 3679 κακώςεως
1362 3619 1411 3680 καὶ
1432 3617 1493 3679 ἰλὺν

415 3719 513 3793 βυθοῦ
532 3720 580 3780 καὶ
596 3719 681 3781 ςκιάν
701 3717 841 3780 θανάτου
863 3718 902 3778 τὰ
921 3720 995 3798 τῇδε
1012 3716 1287 3781 ἀποκαλοῦντα.
1319 3720 1429 3801 Atque
1447 3720 1493 3780 in-

413 3821 542 3883 venitur
559 3820 659 3886 τόιτος
681 3806 847 3883 κακώςεως
871 3823 902 3882 et
924 3821 990 3882 ςκιὰ
1014 3820 1152 3885 θανάτου
1171 3815 1295 3884 Ῥοοίιιι.
1316 3824 1369 3903 43,
1395 3825 1436 3886 20
1464 3827 1494 3886 ct

414 3923 479 3988 ἰλὺς
493 3927 592 4002 βυθοῦ
606 3923 721 3986 Psalm.
737 3924 787 4004 68,
805 3923 833 3984 2.
856 3922 970 4004 Neque
987 3943 1063 3986 vcro
1079 3923 1243 3986 invenitur
1254 3925 1289 3984 in
1302 3924 1382 3987 Vr.
1400 3924 1491 3988 dictio

461 4095 479 4164 ¹)
498 4095 604 4163 Pergit:
625 4097 692 4148 ‘roic
712 4097 743 4148 δὲ
762 4095 878 4147 πέλεκυς
898 4096 1014 4148 κόπτων
1033 4097 1141 4161 πέτραν
1158 4096 1175 4161 ἢ
1193 4099 1250 4160 πῦρ
1269 4096 1299 4148 ἐν
1318 4097 1456 4164 ἀκάνθαις,
1476 4095 1491 4147 ὅ

371 4195 472 4244 φηςιν
491 4182 508 4246 ἡ
530 4181 604 4234 θεία
624 4180 745 4246 Γραφή.

498 4265 575 4319 Field
594 4267 612 4318 l.
627 4265 761 4318 e.11736.

460 4268 470 4297 ι

460 4265 481 4415 ιί
501 4347 578 4401 rien
597 4350 613 4402 1.
629 4365 651 4402 c.
666 4347 759 4401 nna
