3270 5250
342 438 385 501 48
771 445 898 500 Robert
923 446 1041 514 Bloch,
1384 436 1476 523 [310]

343 636 384 681 ex
401 618 541 680 carmine
557 619 628 696 περὶ
644 617 781 681 Σικελία(
796 617 848 680 vel
863 618 1003 682 Σικελία(
1021 637 1133 681 versus
1153 619 1273 701 sumpti
1296 639 1362 681 non
1382 621 1473 699 sunt;

341 717 415 783 dein
434 719 552 782 Miiller
563 719 650 782 FHG
661 719 711 782 III
727 720 769 782 28
786 737 831 801 sq.
847 719 1027 802 fragmenta
1042 719 1193 784 uberiora
1206 721 1342 804 collegit,
1357 721 1474 803 quibus

341 822 393 904 (cf.
405 823 562 904 imprimis
575 822 633 904 irg.
645 819 698 888 16)
704 824 742 885 17
761 841 790 904 p.
802 824 856 904 31)
871 822 988 885 librum
1001 825 1071 901 περὶ
1085 825 1189 900 νήιων
1207 826 1352 888 oratione
1368 825 1474 888 soluta

341 925 558 1006 conscriptum
573 924 674 987 fuisse
693 923 843 988 efficitur
873 925 950 988 Illos
967 930 1074 989 autem
1090 926 1129 989 de
1146 926 1218 989 laou
1236 927 1344 992 Siculo
1361 947 1472 991 versus

341 1016 509 1110 excerptos
529 1045 598 1090 esse
618 1028 766 1108 sequitur
784 1046 825 1090 ex
844 1027 924 1090 libro
944 1030 1014 1105 περὶ
1030 1034 1183 1105 ποταμῶν
1203 1031 1401 1107 παραδόξων
1421 1031 1472 1094 vel

342 1151 382 1195 ex
407 1131 486 1194 libro
515 1131 607 1194 nobis
635 1131 797 1213 incognito
821 1133 891 1209 περὶ
919 1134 1035 1208 λιμνῶν
1058 1135 1208 1215 (κρηνῶν)
1237 1134 1432 1211 παραδόξων
1441 1134 1470 1215 ¹).

342 1232 444 1309 Quam
463 1233 593 1296 Miilleri
613 1234 802 1297 sententiam
824 1237 934 1296 contra
958 1233 1144 1316 Stiehleum,
1170 1237 1223 1298 eui
1247 1254 1398 1300 assensus
1422 1241 1470 1299 est

342 1334 377 1399 Ο.
386 1334 570 1417 Schneider,
581 1335 792 1399 Callimachea
803 1334 837 1398 II
850 1337 914 1399 323
923 1355 979 1417 sq,
991 1337 1062 1401 iure
1075 1343 1206 1401 secutus
1220 1343 1269 1402 est
1281 1337 1470 1403 Susemihll

341 1441 416 1522 476,
431 1464 469 1504 ιιι.
489 1439 573 1521 Ergo
592 1459 666 1503 cum
678 1439 918 1522 Philostephani
934 1439 1052 1502 librum
1068 1444 1211 1506 oratione
1226 1445 1381 1526 scriptum
1400 1462 1469 1508 esse

342 1549 464 1609 certum
484 1545 533 1626 sit,
557 1545 655 1606 nihil
680 1549 738 1608 est
758 1564 816 1608 eur
838 1544 1040 1627 Posidippi
1063 1543 1181 1608 librum
1198 1564 1349 1609 carmen
1368 1546 1468 1609 fuisse

341 1651 525 1710 statuamus

430 1752 537 1831 Atque
552 1749 760 1833 Posidippum
776 1749 868 1812 multi
887 1751 990 1813 secuti
1007 1751 1083 1813 sunt
1106 1749 1145 1813 de
1165 1749 1267 1813 Cnido
1291 1749 1467 1814 scribentes

340 1851 445 1934 (FHG.
461 1852 510 1914 IV
527 1852 617 1932 687);
644 1872 684 1915 ex
704 1852 754 1914 his
770 1851 961 1916 Aristides
977 1852 1007 1934 (l.
1025 1854 1066 1916 23
1085 1872 1129 1934 sq.
1150 1873 1179 1936 p.
1194 1854 1270 1934 324)
1290 1873 1467 1917 memoran-

340 1953 399 2017 dus
428 1959 477 2017 est
504 1955 738 2032 Μιληειακῶν
767 1962 909 2021 auctor.
944 1957 984 2020 Ei
1006 1977 1082 2021 vero
1110 1957 1228 2020 librum
1255 1961 1326 2036 περὶ
1356 1959 1467 2022 Κνίδου

340 2056 513 2120 attribuere
530 2058 592 2119 viri
609 2058 695 2121 docti
703 2061 726 2138 2)
744 2060 862 2122 iniuria
878 2058 1113 2123 dubitaverunt.
1132 2060 1247 2143 Neque
1263 2062 1349 2124 enim
1365 2061 1466 2124 solum

340 2161 441 2224 nostri
460 2161 578 2243 dialogi
596 2162 688 2224 initio
705 2163 857 2226 Aristidis
876 2163 1039 2227 Milesiaca
1058 2165 1283 2244 memorantur,
1301 2164 1363 2226 etsi
1381 2163 1466 2226 hunc

339 2282 409 2327 esse
432 2264 540 2326 locum
565 2283 766 2328 communem
788 2266 948 2348 quispiam
968 2265 1086 2330 dixerit
1101 2266 1271 2331 conferens
1289 2267 1330 2348 (ν.
1347 2266 1465 2348 Rohde‚

339 2370 458 2452 griech.
478 2369 590 2432 Roma
615 2372 678 2433 585
696 2373 767 2453 sq.):

494 2472 650 2539 amonlp.
661 2472 722 2525 397.
811 2497 817 2508 ·
1089 2469 1311 2540 Apulmetli.

341 2552 500 2620 Ἐρωτικὴ(
510 2558 629 2618 παιδιᾶς,
644 2557 737 2623 ἑταῖρέ
749 2574 795 2621 μοι
806 2558 875 2611 Θεό·
928 2557 964 2609 At
983 2572 1034 2625 ego
1058 2555 1108 2609 tibi
1128 2571 1258 2609 sermone
1283 2555 1338 2609 isto
1358 2555 1464 2609 Milesio

340 2656 449 2706 μνηιτε,
470 2641 497 2694 ἐξ
517 2641 639 2693 ἑωθινοῦ
663 2641 743 2708 (Plat.
756 2641 874 2696 Phaedr.
929 2641 1024 2694 varias
1038 2639 1148 2694 fabulas
1166 2655 1314 2693 conseram
1328 2655 1464 2709 auresque

337 2726 390 2778 227
398 2723 425 2792 a)
452 2725 642 2791 πεπλήρωκα(
661 2726 744 2791 ἡμῶν
763 2728 799 2779 τὰ
817 2744 874 2780 κεκ-
930 2728 993 2778 tuas
1006 2725 1153 2778 benivolas
1168 2723 1261 2792 lepido
1275 2741 1391 2778 susurro
1404 2741 1464 2793 per-

339 2810 448 2875 μηκότα
462 2811 535 2875 πρὸ(
547 2812 597 2863 τὰ(
616 2813 736 2876 (υνεχεῖε
751 2813 875 2864 (πουδὰε
929 2811 1075 2863 mulceam.

338 2893 429 2962 ῶταθ)
448 2936 453 2946 .
470 2935 497 2946 ..
520 2895 590 2948 ibere
607 2894 704 2959 ὀλίγον
724 2899 781 2949 δεῖν
800 2897 874 2962 Ἀρι-

337 2977 430 3044 ετείδη
447 2980 467 3029 c’
479 2977 610 3044 ἐνόμιζον
623 2979 694 3033 εἶναι
712 2983 771 3035 τοῖς
786 2981 874 3046 Μιλη-

336 3065 439 3115 ειακοῖ(
458 3061 552 3126 λόγοι(
571 3064 828 3132 ὑπερκηλοόμενοε.

426 3149 487 3213 Sed
510 3151 614 3233 ipsum
635 3154 835 3234 prooemium
854 3152 1040 3214 universum
1066 3149 1223 3214 ‘sermone
1248 3150 1308 3213 isto
1328 3148 1463 3213 Milesio'

337 3253 551 3334 conscriptum
573 3257 628 3316 est.
653 3252 755 3329 Quam
778 3253 905 3318 obrem
929 3273 994 3316 non
1013 3251 1107 3316 modo
1127 3271 1193 3315 non
1217 3257 1271 3334 est,
1297 3272 1354 3316 cur
1376 3253 1463 3316 hunc

335 3353 511 3416 Aristidem
535 3355 574 3418 de
594 3355 694 3420 Cnido
719 3356 822 3439 egisse
842 3355 1028 3436 infitiemur,
1053 3375 1165 3418 rerum
1188 3355 1222 3418 id
1244 3375 1302 3439 per
1325 3375 1359 3420 se
1383 3355 1463 3417 dilu-

430 3514 448 3583 1)
467 3513 575 3568 Pariter
599 3515 741 3584 Posidippi
766 3514 830 3581 περὶ
849 3515 1017 3581 δρακόντων
1037 3515 1166 3578 Λιβυκῶν
1192 3531 1292 3568 versus
1316 3530 1334 3568 a
1359 3514 1462 3581 Ttetza‚

335 3598 405 3653 Chil.
420 3599 582 3667 v11661sq.
602 3617 627 3668 p.
642 3601 693 3653 265
705 3617 745 3668 sq.
759 3600 782 3652 K
802 3601 827 3670 (7
841 3618 866 3669 p.
880 3601 916 3654 40
926 3617 965 3669 sq.
981 3600 1054 3668 Sch.)
1072 3599 1154 3654 nobis
1167 3600 1270 3669 proditi
1290 3617 1325 3653 er
1339 3601 1462 3654 carmine

334 3681 400 3747 περὶ
418 3681 582 3748 θαυμαείων
601 3685 646 3736 vel
666 3685 838 3750 παραδόξων
857 3684 946 3738 λίθων
965 3687 1010 3739 vel
1030 3685 1129 3738 similis
1148 3684 1340 3753 inscriptionis
1360 3684 1463 3753 sumpti

335 3770 408 3820 sunl.

425 3851 447 3919 ²)
466 3850 752 3920 siisemih111574,2;
774 3852 887 3906 Schmid
907 3853 982 3921 apud
1001 3852 1165 3919 Pwsssseq
1186 3852 1220 3905 39
1232 3869 1271 3922 sq.
1301 3853 1360 3907 lam
1386 3854 1461 3922 prius

333 3935 385 3989 viri
412 3936 488 3989 docti
514 3936 548 3989 de
574 3937 739 4004 quaestione
765 3936 974 4003 disseruerunt;
1001 3937 1035 3991 ci.
1049 3938 1077 3990 L.
1093 3937 1205 4004 Preller‚
1232 3937 1335 3990 Polem.
1360 3939 1461 4006 perieg.

332 4019 429 4087 fragm.
441 4037 466 4088 p.
475 4018 509 4073 58
520 4035 552 4087 sq
568 4037 573 4086 ς
590 4017 710 4073 Ἰταλικοὶ
723 4021 758 4074 al.
768 4021 834 4075 ficta
845 4038 907 4075 esse
918 4021 1218 4075 aPseudo-Plutarcho
1228 4021 1338 4075 monuit
1347 4021 1462 4076 Knaack

333 4103 408 4170 apud
425 4103 480 4157 PW
498 4105 589 4172 suppl.
604 4104 663 4171 132,
676 4106 711 4156 23
722 4121 761 4173 sq.

424 4187 445 4255 ³)
464 4187 547 4242 Vocis
574 4189 659 4240 ῶτων
685 4189 847 4243 ‘adiunctio'
865 4190 941 4244 haud
961 4189 1001 4245 ita
1024 4189 1115 4242 facilis
1135 4192 1194 4256 est;
1222 4190 1273 4243 sed
1296 4191 1350 4245 hoc
1374 4191 1461 4260 respi-

334 4270 465 4324 ciendum
485 4276 540 4325 est:
566 4273 595 4324 ἐν
613 4275 683 4326 τοῖα
702 4273 753 4326 oct
770 4279 830 4326 τῶν
850 4275 1015 4340 ἀνθρώπων
1041 4273 1123 4326 οἰκέει
1143 4274 1158 4326 δ
1180 4275 1270 4338 θυμός
1292 4276 1402 4344 (Herod.
1417 4277 1461 4331 Vll

333 4355 386 4424 39),
405 4360 436 4408 ut
456 4357 505 4408 οὗ(
524 4356 597 4410 idem
617 4357 674 4411 lere
693 4358 788 4411 valeat
807 4362 890 4427 atque
909 4359 1027 4412 animus.
