3228 5268
321 483 364 537 De
384 480 509 551 Gregorii
527 478 699 534 Nazianzeni
718 479 893 535 orationibus
911 481 1082 537 funebribus.
1229 479 1270 540 51

123 653 347 718 adnumerari
371 671 474 736 posse,
497 670 691 734 quamquam
714 650 814 715 fidem
836 657 978 717 sanctam
1000 655 1144 719 nondum
1168 661 1271 724 conti-

123 761 272 840 teantur‚
290 759 372 840 quia
391 761 423 822 et
440 755 582 820 moribus
599 760 631 819 et
645 755 819 820 virtutibus
834 760 868 820 et
882 755 964 822 bene
982 758 1075 823 iactis
1095 762 1269 829 excellant:

123 859 170 923 ita
181 865 322 944 patrem
336 879 469 943 quoque
482 860 616 943 dignum
628 857 807 924 Christiano
820 860 949 923 nomina
961 860 1070 943 fuisse,
1081 865 1270 947 priusquam

123 961 319 1046 baptizatus
344 967 446 1028 esset:
469 963 664 1046 praestitisse
688 982 762 1027 eum
781 968 814 1027 et
832 963 1021 1048 cwrppocr'rvq
1041 972 1073 1030 et
1092 970 1269 1054 brrcron'rvq

120 1067 156 1130 et
180 1068 390 1148 ppovriced).
414 1103 456 1112 -
479 1065 543 1130 Hic
562 1070 611 1131 est
627 1067 728 1130 τόπος
746 1071 869 1144 ψυχῆς
888 1067 1057 1151 εὐφυΐας,
1083 1089 1179 1153 quem
1197 1073 1269 1138 rhe-

121 1175 211 1234 tores
237 1175 372 1235 vocant.

217 1273 366 1337 Verbis:
384 1273 525 1347 “γνναῑκα
543 1274 601 1351 μὲν
613 1271 762 1351 ἀνδρείαν
774 1274 818 1337 ric
831 1272 959 1352 εὑρήεει’
971 1273 1132 1355 (Proverb.
1147 1278 1198 1360 31,
1216 1279 1269 1359 10)

120 1381 155 1440 et
186 1378 358 1451 “γυναικὸ(
388 1375 468 1455 ἀνὴρ
498 1374 590 1454 χρῆμ’
615 1373 711 1438 οὐδὲν
740 1375 872 1453 ληῖῑεται
903 1375 1030 1440 κάλλιον
1060 1377 1169 1457 ἐεθλῆε
1193 1381 1270 1444 οὐδὲ

122 1483 237 1557 χεῖρον
263 1484 323 1558 τῆς
348 1478 499 1542 ἐναντὶαθ
517 1476 680 1559 (Simonid.
699 1475 738 1539 ir.
759 1477 790 1558 6)
813 1477 927 1539 transit
950 1483 1056 1542 orator
1079 1480 1119 1543 ad
1141 1481 1269 1546 laudem

122 1584 244 1647 uxoris
281 1581 432 1664 Gregorii
463 1581 573 1644 matris
605 1583 665 1662 (cp.
689 1581 836 1663 7-12):
868 1579 957 1644 illam
987 1585 1095 1647 mariti
1127 1587 1269 1649 animum

122 1685 288 1768 paulatim
299 1683 455 1769 precibus
466 1682 738 1747 adhortationibus
755 1682 933 1765 opprobriis
948 1686 1081 1768 suisque
1098 1688 1268 1753 virtutibus

122 1787 269 1853 flexisse
307 1805 451 1869 eumque
487 1787 527 1851 ad
560 1785 661 1850 fidem
693 1784 906 1849 Christianam
945 1791 1149 1854 convertisse.
1188 1791 1269 1856 Cum

122 1896 242 1957 autem
266 1897 363 1976 pater
385 1889 605 1973 baptizaretur,
635 1889 827 1952 miraculum
856 1890 1011 1957 accidisse
1038 1895 1098 1977 (cp.
1117 1896 1267 1977 13-14).

220 1995 385 2077 Sequitur
413 1994 442 2056 is
469 1993 578 2075 tortor,
609 2011 707 2074 quom
733 1992 878 2056 rhetores
905 2000 1034 2076 praeter
1055 1996 1268 2062 Menandrum

123 2095 418 2178 ἐπιτηδεύματα
433 2101 566 2160 vocant:
583 2095 740 2179 professio
752 2095 806 2159 vel
816 2096 901 2159 vitae
917 2097 1100 2161 institutum
1111 2099 1266 2164 laudatur.

123 2199 265 2266 Patrem
303 2200 386 2264 dicit
419 2199 592 2283 Gregorius
631 2197 829 2262 sacerdotem
866 2203 898 2262 et
929 2200 1115 2284 episcopum
1146 2202 1268 2266 iactum

125 2321 214 2387 esse;
242 2325 321 2370 eum
337 2307 448 2367 autem
469 2305 576 2387 priore
599 2304 747 2386 episcopo
771 2302 872 2365 multo
895 2307 968 2366 ante
991 2308 1115 2367 mortuo
1133 2305 1269 2370 ecclesia

126 2410 281 2492 neglecta
291 2413 386 2489 esset
397 2425 472 2471 eum
480 2407 651 2490 pristinum
659 2410 777 2470 statum
791 2406 960 2469 restituere
977 2412 1127 2470 conatum
1138 2414 1169 2471 et
1178 2410 1267 2473 brevi

126 2515 278 2596 temporo
303 2511 346 2574 ad
371 2514 491 2572 tantam
518 2509 651 2592 gloriam
674 2513 770 2590 atque
794 2509 1037 2591 amphtudinem
1063 2530 1267 2594 progressum

127 2631 215 2699 esse,
252 2621 291 2678 ut
323 2613 440 2677 seditio
471 2615 540 2676 orta
569 2631 635 2676 una
663 2613 732 2676 eius
764 2611 954 2675 auctoritate
984 2612 1157 2676 sedaretur.
1204 2613 1267 2678 Sed

126 2723 239 2803 pergit
256 2722 379 2782 orator:
398 2718 458 2781 hac
473 2735 508 2781 re
528 2735 562 2780 se
581 2717 646 2780 iam
660 2717 946 2799 praeoccupavisss
966 2717 1051 2798 quod
1066 2717 1101 2780 in
1117 2719 1269 2803 explana-

3 2847 4 2850 *
124 2822 220 2889 tione
244 2823 406 2886 factorum
430 2819 491 2883 sibi
515 2819 744 2903 exponendum
767 2823 858 2884 esset.
890 2819 959 2882 Iam
974 2821 1074 2902 igitur
1096 2820 1136 2884 ad
1152 2841 1268 2886 novam

125 2931 258 3006 partem
281 2925 332 2988 his
358 2923 465 2987 verbis
488 2924 657 2987 transitum
680 2923 741 2987 sibi
764 2928 868 3007 parat:
899 2943 946 3006 cp.
965 2926 1022 2987 18:
1048 2925 1142 2989 ’Ἀλλ’
1167 2925 1186 2989 ὁ
1211 2929 1267 3004 μὲν

124 3033 198 3110 περὶ
234 3028 360 3093 τούτων
389 3026 487 3101 λόγος
511 3026 621 3105 μικρόν
643 3048 670 3090 τι
694 3029 927 3106 προεκδραμὼν
951 3027 1091 3093 ἐνταῦθα
1114 3028 1266 3106 μεινάτω’.

225 3133 412 3212 Antequam
425 3129 511 3192 enim
527 3128 565 3192 ad
581 3129 666 3193 iacta
680 3129 869 3193 illustranda
884 3131 1015 3195 accedat
1031 3136 1143 3212 orator,
1159 3130 1268 3194 laudat

128 3234 306 3299 virtutes
327 3235 390 3315 (ep.
411 3232 568 3314 19—2‘tp
593 3236 717 3315 patrem
740 3236 786 3295 tot
805 3232 967 3314 tantisque
992 3232 1161 3296 virtutibus
1176 3251 1266 3314 pras-

126 3333 237 3401 ditum
259 3336 372 3416 fuisse,
402 3338 439 3396 ut
463 3352 573 3398 omnes
597 3334 779 3398 enumerari
801 3354 867 3398 non
889 3339 1027 3417 possent.
1051 3333 1266 3416 -Singulas

126 3439 215 3504 nihil
245 3439 361 3502 attinet
391 3437 528 3499 virtutes
558 3436 611 3500 hic
634 3436 767 3517 referre3
799 3437 832 3498 id
856 3437 1034 3500 notandum
1064 3441 1112 3500 est
1140 3439 1266 3519 praeter

126 3544 232 3626 patris
255 3543 397 3605 virtutes
419 3557 664 3621 nonnumquam
690 3541 800 3602 matris
824 3559 953 3622 quoque
976 3539 1100 3604 laudari
1127 3539 1185 3622 (cp.
1203 3540 1265 3622 21),

128 3665 195 3713 nec
219 3646 359 3710 virtutes
380 3662 446 3706 una
469 3662 543 3706 cum
565 3643 667 3726 tactio,
691 3643 747 3706 sed
769 3662 829 3727 per
851 3662 885 3706 se
904 3644 988 3708 solas
1012 3644 1138 3726 exponi.

221 3750 328 3813 Patris
360 3750 469 3810 autem
499 3746 645 3828 virtutes
677 3745 770 3809 docet
799 3750 918 3826 orator,
951 3747 1046 3811 certis
1074 3745 1265 3810 testimoniis

127 3852 341 3918 confirmatas
358 3867 446 3912 esse:
469 3846 576 3912 Deum
594 3849 682 3912 enim
703 3849 810 3931 ipsum
834 3867 887 3912 eas
910 3849 1075 3932 signorum
1098 3867 1135 3911 ac
1157 3849 1265 3911 mira-

223 4041 243 4109 ¹)
263 4038 334 4092 Tres
349 4052 366 4090 e
381 4033 535 4090 Socraticis
547 4034 699 4089 virtutibus
712 4036 786 4101 sunt,
804 4049 875 4103 quas
890 4035 927 4089 ad
939 4034 1052 4092 laudem
1064 4048 1158 4086 rerum
1171 4047 1188 4084 a
1200 4046 1264 4098 rege

129 4125 160 4180 in
170 4141 242 4194 pace
253 4123 343 4194 gestis
354 4118 520 4174 referendas
530 4136 592 4174 esse
602 4119 774 4174 Menandrus
784 4118 867 4173 docet
877 4115 1010 4190 (Spengel
1019 4116 1132 4185 111373)‚
1148 4113 1265 4180 ἀνδρίαν

16 4231 17 4258 z
127 4227 195 4266 vero
219 4209 257 4266 ad
281 4206 361 4262 bella
385 4206 465 4273 gesta
487 4202 635 4272 pertinere.
666 4203 711 4257 Ma
734 4207 809 4257 recte
832 4203 908 4256 hanc
932 4207 1041 4272 partem
1062 4201 1154 4254 τόπον
1173 4201 1266 4264 ψυχῆς

17 4329 18 4354 ÷
129 4295 251 4363 εὐφυΐα(
270 4304 399 4348 vocasse
420 4287 504 4342 etiam
531 4287 596 4342 inde
622 4290 746 4356 apparet,
775 4288 850 4356 quod
875 4286 996 4347 virtutes
1021 4302 1071 4357 per
1097 4302 1127 4340 se
1153 4283 1265 4352 copiose

129 4378 311 4452 opp.19—27
331 4374 501 4429 tractantur.
536 4425 537 4430 ,

1107 4478 1140 4532 4*
