3240 5258
330 427 375 480 De
397 424 519 493 Gregorii
538 421 714 482 Nazianzeni
733 423 908 482 orationibus
927 423 1100 479 funebribus.
1238 423 1280 486 ll

138 598 417 680 compositionem
427 597 546 677 attinet,
555 596 652 678 plane
662 596 840 678 praeceptis
850 595 1100 679 fisrcspondcnr,
1114 615 1197 678 quae
1207 598 1285 666 rbe-

12 730 15 741 ·
138 706 225 766 tores
242 701 369 782 pagani
386 698 426 764 de
441 698 504 764 illis
519 697 748 780 componendis
765 697 929 780 dederunt,
947 698 1145 781 eaedemque
1154 699 1284 766 inveni-

139 805 242 868 untur
258 803 296 866 in
317 803 361 866 iis
378 802 562 882 sententiae,
586 819 667 882 quas
682 800 797 882 pagani
814 805 953 866 oratores
967 800 1193 882 praebuerunt
1216 802 1282 866 Ita·

138 925 202 987 que
234 909 435 990 argumenta
457 909 489 971 ct
512 903 760 986 compositiones
787 903 902 968 harum
925 902 1072 987 Gregorii
1099 905 1283 970 orationum

137 1009 302 1091 neglectis
327 1006 451 1072 artibus
475 1011 506 1069 et
530 1005 727 1070 orationibus
749 1006 918 1089 gentilium
939 1007 1106 1072 rhetorum
1120 1009 1177 1072 rix
1192 1013 1282 1074 recte

138 1111 303 1194 explicari
329 1114 388 1174 aut
409 1108 551 1189 intellegi
573 1111 716 1192 possunt.
749 1109 912 1191 Aquihus
932 1111 1078 1192 quamvis
1101 1110 1282 1194 dependeat

138 1250 183 1262 .„.
195 1231 314 1295 neque
332 1211 407 1275 fieri
425 1212 536 1294 potuit
561 1211 640 1293 quin
664 1216 770 1276 orator
792 1211 881 1276 illius
898 1214 1019 1294 acutis,
1044 1214 1193 1296 quisquis
1208 1213 1280 1296 init,

137 1317 263 1382 formas
288 1315 474 1380 orationum
496 1313 715 1382 arhetoribus
739 1313 883 1380 conditae
906 1315 1170 1397 auditoribusque
1189 1327 1283 1380 notas

138 1419 399 1501 amplecteretur
414 1453 465 1497 -‚
482 1421 589 1480 tamen
612 1415 659 1478 illi
679 1435 717 1480 ea
735 1421 785 1480 est
806 1416 978 1480 tribuenda
1000 1417 1078 1499 laus,
1103 1436 1185 1500 quae
1205 1437 1281 1482 vera

138 1522 209 1586 veri
232 1522 310 1584 laus
337 1520 470 1582 oratoris
493 1523 548 1600 est,
573 1538 648 1583 eum
671 1538 762 1582 suam
781 1518 842 1582 sibi
863 1537 1006 1583 servasse
1025 1519 1205 1584 libertatern
1225 1541 1281 1585 ne-

139 1644 203 1707 que
224 1643 264 1688 se
280 1622 506 1687 technicorum
524 1622 705 1688 auctoritati
729 1623 820 1705 quasi
839 1622 874 1688 in
897 1624 1087 1688 servitutem
1110 1622 1280 1706 addixisse,

138 1727 196 1792 sed
221 1727 336 1810 ipsum
358 1724 495 1788 formam
516 1723 720 1808 figuramque
743 1725 924 1790 orationum
947 1745 967 1788 n
988 1725 1149 1808 prioribus
1169 1745 1282 1808 accep·

8 1847 9 1850 ’
139 1827 332 1916 asparem
351 1827 607 1910 amplificarissa
630 1829 755 1911 partim,
779 1847 853 1894 cum
876 1832 1003 1911 tempus
1027 1830 1059 1892 et
1082 1830 1207 1896 occasio
1226 1849 1283 1912 po·

139 1933 313 2013 stularent‚
338 1933 522 2013 mutavisse,
546 1951 652 2013 neque
676 1931 840 1996 dubitasse
860 1934 1002 2013 singulos
1024 1927 1152 2010 τόπους,
1177 1935 1233 2015 qui
1251 1935 1281 1998 ei

140 2037 180 2100 nd
204 2055 280 2099 rem
305 2038 405 2115 atque
428 2035 627 2117 propositum
648 2035 809 2117 pertinere
824 2054 891 2100 non
908 2035 1102 2116 viderentur,
1119 2039 1174 2098 aut
1190 2037 1281 2098 omit-

140 2145 210 2204 tere
243 2142 303 2201 aut
334 2137 370 2198 in
400 2141 587 2200 transcursu
617 2141 756 2222 tangere.
797 2140 905 2220 Atque
938 2137 1129 2220 Gregorium
1158 2139 1282 2224 perfec·

141 2244 308 2306 tissimum
326 2243 486 2304 oratorem
502 2257 573 2304 esse
597 2259 671 2302 cum
695 2259 737 2303 ex
760 2239 822 2304 hoc
846 2244 914 2304 tum
937 2239 1012 2304 inde
1032 2246 1171 2326 apparet,
1195 2239 1282 2324 quod

141 2365 270 2416 summa
294 2347 366 2408 arte
382 2347 478 2423 atque
496 2341 673 2416 subtilitate
692 2343 868 2408 tritissimis
885 2342 948 2410 illis
965 2348 997 2406 et
1012 2343 1154 2408 omnium
1171 2343 1282 2410 lauda·

141 2449 270 2515 tionum
299 2444 529 2510 communibus
561 2445 730 2510 sententiis
760 2464 869 2527 novas,
901 2448 939 2509 ut
963 2446 1009 2509 ita
1035 2445 1148 2528 dicam⁷
1176 2450 1285 2510 vestes

140 2550 282 2614 induere
318 2546 477 2628 novisque
508 2565 563 2610 eas
591 2546 768 2611 luminibus
799 2548 996 2632 distinguere
1026 2549 1133 2631 scirit,
1165 2549 1210 2610 ita
1240 2552 1278 2612 ut

139 2673 206 2716 non
222 2656 291 2717 tam
309 2649 486 2719 sententias
501 2651 587 2734 ipsas
610 2670 706 2734 quam
730 2652 913 2736 exquisitae
937 2659 969 2716 et
984 2651 1104 2718 electae
1129 2651 1279 2716 dictionis

139 2757 325 2824 novitatem
347 2753 383 2816 in
407 2770 444 2819 eo
469 2752 672 2824 admiremur.
700 2753 866 2819 Praestitit
888 2755 995 2840 igitur,
1019 2753 1105 2840 qnod
1129 2753 1280 2836 Gorgiam

139 2860 336 2942 magistrum
366 2860 500 2920 secutus
521 2855 678 2922 Isocrates
701 2858 736 2920 in
760 2857 970 2924 celeberrima
992 2857 1186 2940 Panegyrici
1209 2875 1281 2920 ora·

140 2947 228 3026 tione
252 2960 295 3024 de
319 2961 388 3022 arte
412 2977 470 3022 sua
493 2957 705 3041 praedicavit:
731 2978 803 3023 esse
826 2961 960 3024 oratoris
983 2962 1054 3039 περὶ
1075 2965 1141 3024 τῶν
1173 2958 1279 3022 αὐτῶν

141 3067 317 3142 πολλαχῶς
340 3059 542 3140 ἐξηγήςαςθαι
566 3065 598 3123 et
620 3061 659 3124 τὰ
683 3062 800 3124 παλαιὰ
824 3065 939 3125 καινῶς
963 3065 1103 3128 διελθεῖν.

684 3301 741 3366 HJ⁸
1133 3345 1136 3350 .

308 3427 367 3492 Du
392 3425 597 3492 GREGORII
619 3426 886 3496 NAZIANZENI
908 3425 1116 3492 DICTIONIl.

232 3572 345 3638 Tertia
367 3569 468 3634 libelli
492 3575 593 3653 parte,
618 3589 700 3651 quae
725 3575 773 3634 est
796 3570 835 3634 de
855 3570 1000 3653 Gregorii
1020 3570 1167 3649 dictione,
1190 3586 1283 3631 nuno

144 3680 249 3742 solum
273 3694 373 3740 usum
396 3673 573 3740 formarum
596 3679 629 3736 et
651 3673 823 3737 verborum
848 3694 866 3742 a
886 3672 1040 3756 Gregorio
1064 3671 1281 3736 adhibitorum

143 3781 297 3850 tractabo.
323 3777 372 3845 De
393 3776 535 3861 syntaxi,
557 3775 596 3842 de
615 3777 819 3862 periodorum
837 3779 1000 3842 structura
1022 3796 1059 3840 ao
1082 3775 1213 3854 ratione,
1238 3773 1279 3842 de

144 3886 275 3968 rythmo
300 3882 363 3946 alio
386 3880 459 3943 loco
483 3897 535 3945 me
558 3884 707 3947 acturum
731 3899 801 3948 esse
821 3898 931 3963 spero;
956 3879 1113 3944 subiunxi
1134 3895 1219 3956 vero,
1245 3881 1282 3940 ut

144 3991 178 4051 in
201 3985 426 4071 propositione
452 3983 574 4046 dictum
597 3988 653 4065 ert,
677 3983 887 4067 appendicem
905 3981 1065 4065 quandam
1089 3982 1128 4044 de
1146 3979 1280 4060 ratione,

145 4111 241 4173 quam
267 4087 443 4170 Gregorius
467 4085 502 4146 in
526 4085 614 4148 hiatu
638 4086 768 4151 vitando
792 4091 923 4150 secutus
947 4091 1002 4149 est.

235 4195 287 4256 Ao
314 4191 456 4280 primum
484 4188 615 4271 quidem
643 4191 820 4272 quaeritur,
849 4192 957 4252 utrum
985 4205 1165 4253 sermonem
1193 4200 1280 4246 com-

146 4316 277 4361 munem
290 4294 406 4360 reddat
419 4298 533 4374 orator,
546 4312 588 4358 an
599 4293 775 4360 dictionem
785 4297 818 4358 et
829 4292 1001 4376 elegantias
1015 4292 1196 4356 Atticormn
1207 4285 1281 4350 imi-
