3228 5268
246 549 247 552 Ἴ
288 472 330 526 Dc
351 469 480 540 Gregorii
498 468 671 524 Nazianzeni
690 467 866 523 orationibus
885 469 1058 524 funebribus.
1196 465 1240 528 41

109 645 167 708 hoc
189 643 241 708 die
266 643 335 708 solo
362 663 438 707 eum
454 641 608 706 celebrari
630 644 726 722 atque
750 639 912 704 honorari:
937 640 1031 704 etiam
1052 640 1165 705 diebus
1185 663 1243 706 an-

110 747 290 811 niversariis
314 747 513 830 propinquos
537 746 607 809 eins
630 743 817 808 memoriam
842 742 1056 807 celebraturos
1080 762 1151 807 esse
1178 746 1242 826 (καὶ

109 850 213 928 τὰμὲν
229 849 494 928 ἀποδεδώκαμεν,
506 849 545 910 τά
557 849 594 911 δὲ
605 851 757 928 διίιςομεν,
773 849 829 911 τὰς
845 851 882 911 δι’
898 847 988 911 ἔτους
1003 849 1241 926 προςφέροντες

108 952 191 1031 τιμάς
212 974 246 1017 τε
265 954 317 1016 καὶ
337 953 471 1033 μνήμας,
496 951 527 1015 οί
550 971 586 1026 γε
608 955 653 1032 τῷ
673 950 729 1032 βίῳ
748 950 1017 1032 περιλειπόμενοι).
1041 948 1138 1012 Nunc
1161 970 1241 1016 vero

107 1054 229 1119 truatur
251 1055 384 1139 gaudiis
408 1053 597 1118 caelestibus
608 1055 638 1136 ¹).

191 1158 424 1237 Παραμυθία
448 1159 505 1220 καὶ
528 1157 734 1236 ςυμβουλήε

192 1259 291 1323 Nulla
302 1259 390 1322 facta
405 1260 592 1324 transitione
609 1259 784 1324 consolatio
801 1260 841 1323 ad
857 1265 980 1343 partem
995 1261 1238 1326 antecedentem

3 1467 4 1472 ἵ
106 1401 177 1470 qnod
188 1402 269 1454 nulla
280 1403 434 1454 consumat
443 1404 578 1455 vetustas.
603 1404 705 1468 cetera,
719 1417 791 1470 quac
802 1417 851 1469 per
862 1403 1102 1457 constructionem
1111 1403 1239 1472 lapidum

106 1488 130 1538 et
148 1501 326 1540 marmoreas
345 1486 436 1538 moles
454 1487 503 1540 aut
520 1488 649 1540 terrenos
668 1486 793 1540 tumulos
812 1484 842 1539 in
860 1502 993 1556 magnam
1006 1487 1123 1541 eductos
1144 1488 1238 1542 altitu-

3 1595 4 1624 ι
105 1569 195 1624 dinem
215 1571 361 1636 constant,
379 1584 438 1624 non
449 1573 606 1640 propagant
618 1571 733 1640 longam
747 1570 829 1640 diem,
850 1571 952 1641 quippe
965 1575 993 1626 et
1005 1572 1068 1641 ipsa
1080 1573 1238 1628 intereunt:

104 1655 261 1710 inmortalis
286 1658 332 1709 est
352 1654 446 1724 ingeni
465 1655 618 1710 memoria'.
648 1655 800 1708 Poetarum
818 1655 981 1710 testimonia
1000 1657 1110 1712 adferre
1128 1657 1236 1712 inutile.

193 1742 213 1811 ¹)
231 1743 281 1796 ‘nt
308 1743 341 1795 δέ
366 1742 433 1808 ἡμῖν
458 1739 601 1807 οὐρανοὺς
626 1741 799 1808 έμβατεὺοις,
827 1742 850 1794 ῶ
876 1743 937 1794 θεῖα
960 1739 1006 1793 καὶ
1030 1740 1093 1806 ίερά
1116 1743 1236 1822 κεφαλή,

104 1825 146 1879 καὶ
159 1828 189 1880 έν
202 1827 324 1880 κόλποις
335 1823 471 1894 Ἀβραάμ,
493 1825 596 1879 οίτινες
609 1827 644 1892 δὴ
660 1825 740 1879 οὗτοί
761 1824 835 1893 εἰςιν,
857 1822 1031 1878 ἀναπαίιςαιο
1048 1825 1093 1878 καὶ
1106 1823 1237 1890 ἀγγέλων

103 1912 272 1966 ἐποπτεὺοις
291 1910 411 1978 χορείαν
430 1911 475 1965 καί
496 1909 643 1976 μακαρίων
662 1907 779 1976 ἀνδρῶν
799 1912 882 1966 δόξας
900 1927 931 1963 τε
951 1910 996 1963 καὶ
1014 1911 1234 1976 λαμπρότητας·

3 2039 4 2082 ,
104 1991 1235 2065 μάλλονδέςυγχορείιοιςκαίςυναγάλλοιο,πάνταδιαγελῶντάτῂδεάφ’ὕψους,

101 2083 168 2136 τοὺς
185 2099 216 2136 τε
235 2083 435 2147 καλουμένους
453 2084 597 2137 πλούτους
616 2081 724 2136 καὶτὰς
738 2085 887 2149 έρριμένας
902 2079 988 2150 ἀξίας,
1008 2082 1115 2136 καὶτὰς
1129 2085 1234 2148 ψευδο-

104 2170 187 2233 μένας
204 2171 289 2234 τιμάς
310 2167 357 2221 καί
369 2169 422 2234 τὴν
436 2171 482 2222 διά
494 2175 555 2222 τῶν
568 2170 724 2236 αίςθήςεων
738 2170 849 2235 πλάνην
862 2167 973 2234 κοίτην
985 2173 1037 2220 rot
1053 2167 1114 2233 βίου
1127 2168 1234 2222 τοὺτου

101 2255 265 2320 περιφορὰν
280 2251 328 2306 καὶ
340 2253 395 2318 τὴν
410 2255 504 2319 ὥςπερ
519 2255 549 2306 ἐν
561 2253 735 2322 νυκτομαχίᾳ
749 2253 877 2318 ςὺγχυςίν
889 2253 978 2306 τεκαὶ
992 2255 1117 2321 ἄγνοιαν,
1133 2256 1236 2318 βαςιλεῖ

100 2343 139 2406 τῷ
167 2339 281 2406 μεγάλῳ
307 2338 520 2403 παριςτάμενος
543 2338 588 2392 καί
610 2343 663 2392 rot
689 2340 795 2392 έκεῖθεν
821 2340 921 2406 φωτὸς
945 2338 1146 2404 πληρούμενος
1168 2339 1235 2392 κτλ.’

101 2423 136 2476 Cf.
150 2423 299 2478 Themistii
319 2422 442 2491 epitaph.
459 2423 490 2476 in
509 2430 578 2492 patr.
593 2425 691 2479 23412:
711 2423 764 2478 ‘rol
785 2441 812 2478 ςε
832 2425 946 2480 ἐδέξατο
966 2424 1028 2490 ίερά
1048 2429 1123 2478 θεῶν
1143 2425 1235 2490 ἀγορὰ

100 2509 143 2561 καὶ
163 2512 250 2575 δῆμοι
270 2505 394 2571 ἀγαθῶν
413 2509 561 2573 δαιμόνων
578 2509 689 2580 (quibus
709 2511 802 2578 angeli
822 2509 1045 2564 Christianorum
1064 2509 1234 2578 respondere

99 2595 252 2664 videntur),
281 2591 485 2659 εὐφημοῦντές
510 2595 541 2647 τέ
567 2611 595 2648 ςε
620 2594 665 2648 καί
691 2600 934 2660 προαπαντῶντες
960 2593 1005 2647 καὶ
1031 2591 1233 2663 ἀςπαζόμενοι;

99 2679 237 2734 Aristides
257 2680 360 2734 XXXII
379 2680 410 2732 K.
425 2678 440 2748 ξ
457 2680 503 2735 34;
524 2681 557 2734 ἐί
581 2683 612 2734 δέ
636 2684 749 2747 ἀληθεῖς
776 2681 803 2734 ol
821 2682 969 2747 Πινδάρου
995 2682 1075 2745 λόγοι
1094 2681 1139 2734 καὶ
1158 2683 1234 2736 Πλά-

98 2782 209 2820 τωνος,
225 2809 230 2820 .
247 2809 252 2820 .
268 2765 316 2819 καί
337 2764 477 2831 διατριβαί
496 2767 571 2819 τινές
590 2766 639 2820 είςι
657 2771 718 2819 τῶν
738 2768 768 2820 έν
790 2768 896 2830 Ἅιδου,
917 2767 935 2833 ἦ
955 2784 1012 2820 που
1031 2773 1084 2820 νῦν
1103 2773 1234 2834 ποιητῶν

98 2869 126 2905 τε
143 2855 252 2918 χοροὺς
279 2851 358 2906 εἰκὸς
381 2851 506 2904 ίςταςθαι
530 2851 595 2918 περί
620 2853 739 2916 ἐκεῖνον,
764 2853 933 2919 ἀρχομένων
954 2854 1010 2906 ἀπὸ
1026 2850 1161 2920 Ὁμήρου
1180 2855 1234 2920 τὴν

99 2939 188 2992 δεξιὰν
207 2936 434 3006 προτεινόντων
453 2935 498 2989 καί
517 2940 682 3000 λογοποιῶν
701 2937 746 2991 καὶ
767 2939 958 3004 ςυγγραφέων
978 2937 1024 2990 καί
1044 2938 1181 2991 ἁπάντων
1194 2940 1234 2992 ῶς

99 3022 184 3075 αὑτὸν
199 3024 323 3076 έκάςτου
335 3023 493 3074 καλοῦντος
502 3019 547 3074 καί
559 3013 620 3086 μεθ’
632 3023 719 3074 αὑτοῦ
732 3026 900 3088 ςκηνοθςθαι
909 3022 1084 3086 κελεύοντος,
1094 3023 1233 3075 ταινιοίιν-

97 3121 162 3171 των,
176 3107 374 3162 ἀναδοὺντων
387 3105 454 3157 κτλ.’
468 3109 498 3159 ut
508 3105 704 3160 Nazianzenus
718 3107 803 3160 etiam
813 3107 981 3161 Themistius
994 3110 1135 3161 mortuum
1148 3123 1233 3176 saepe

98 3189 250 3260 alloquitur
260 3189 362 3244 verbis
374 3189 397 3241 ὠ
411 3187 472 3242 θεία
481 3189 526 3243 καί
536 3189 598 3255 ἱερά
609 3191 718 3256 κεφαλή
727 3189 771 3260 (cf.
784 3190 869 3244 etiam
880 3195 949 3245 orat.
960 3191 990 3244 in
1001 3191 1118 3259 Gorgon.
1130 3207 1171 3259 cp.
1179 3192 1233 3260 23).

97 3277 241 3331 -Himer
250 3278 283 3330 in
291 3276 385 3328 filium
393 3275 409 3343 ἕ
418 3275 464 3328 23:
476 3277 523 3328 εΣὺ
535 3278 586 3340 μέν
594 3277 654 3345 οὖν,
667 3278 690 3330 o
701 3275 824 3345 παιδίον,
835 3276 1043 3329 πάντωςέκεῐςε
1052 3275 1232 3342 πεπόρευςαι,

98 3362 162 3416 ἔνθα
182 3366 199 3416 δ
220 3362 340 3429 δαίμων
359 3361 501 3428 ἡγήςατο·
523 3363 568 3431 έςῃ
584 3364 622 3430 δέ,
643 3362 666 3416 εί
680 3356 811 3431 δυνατόν,
832 3363 878 3415 διά
890 3367 942 3414 τοθ
958 3362 1068 3426 πατρὸς
1083 3362 1231 3428 ἀθάνατος,

97 3449 145 3499 κᾶν
164 3451 193 3502 ές
213 3450 250 3502 τὰ
278 3448 398 3514 μάλιςτα
422 3448 481 3500 ἀνω
502 3464 559 3500 που
581 3449 651 3513 μετὰ
673 3452 750 3501 θεῶν
770 3447 888 3513 ἀθύρων
907 3446 951 3500 καὶ
971 3447 1026 3499 ἐκεῖ
1045 3446 1232 3498 κατοπτεὺοις

97 3535 130 3585 τὰ
154 3535 310 3601 ςάμπαντα
338 3533 396 3597 μετ’
412 3529 544 3598 Ἔρωτος
570 3531 687 3599 παίζων,
718 3533 778 3597 μεθ’
799 3531 950 3597 Ὑμεναίου
979 3531 1132 3598 κωμάζων,
1164 3532 1233 3594 μετά

99 3616 227 3682 Βράγχου
255 3615 418 3684 μαντεὺων,
446 3617 516 3680 μετὰ
533 3615 709 3682 Τροφωνίου
734 3619 979 3682 θεοφορουμενος.
1013 3613 1054 3670 Οὐ
1076 3618 1131 3682 γὰρ
1157 3615 1230 3669 εἰκός

97 3700 131 3766 ῆν
147 3703 296 3768 τοςαθτην
318 3701 416 3766 ψυχὴν
434 3701 511 3753 κάτω
526 3718 582 3754 που
597 3705 678 3755 δθναι
693 3703 830 3768 μάλλανῆ
847 3704 916 3768 μετὰ
931 3707 1007 3756 θεῶν
1020 3702 1231 3756 πολιτεύεςθαιῖ

98 3817 129 3826 -
146 3789 300 3844 Menandr.
321 3788 392 3841 rhet.
417 3786 447 3840 in
470 3787 570 3841 eadem
589 3788 729 3842 sententia
749 3787 886 3857 (Spengel,
912 3788 953 3840 rh.
974 3804 1012 3856 gr.
1032 3787 1147 3855 111414,
1173 3786 1231 3854 16):

97 3873 240 3940 πείθομαι
257 3875 314 3927 τόν
335 3873 508 3936 μεταςτάντα
520 3873 554 3924 τὸ
568 3873 698 3926 Ἠλίιςιον
711 3871 811 3925 πεδίον
825 3871 918 3941 οίκεῖν,
940 3873 1013 3924 όπον
1028 3872 1231 3938 Ῥαδάμανθυς,

98 3957 168 4012 ὅπου
185 3961 356 4022 Μενέλεως,
378 3958 452 4009 ὅπου
472 3959 538 4010 παῖς
557 3959 708 4024 δΠηλέως
727 3957 771 4010 καὶ
786 3959 910 4024 Θέτιδος,
932 3957 1006 4009 ὅπου
1022 3956 1168 4020 Μέμνων·
1187 3953 1232 4007 καὶ

96 4044 163 4109 τάχα
181 4063 243 4101 που
267 4045 379 4110 μᾶλλον
400 4044 469 4105 μετὰ
489 4047 565 4097 θεῶν
584 4049 720 4099 διαιτᾶται
739 4050 799 4113 νῦν,
824 4047 972 4110 περιπολεῖ
990 4044 1042 4095 τόν
1066 4042 1165 4108 αἰθέρα
1187 4041 1231 4093 καὶ

98 4127 240 4185 ἐπιςκοπεῑ
259 4130 299 4182 τὰ
318 4128 405 4196 τῇδέ.
426 4159 460 4166 -
480 4127 520 4182 Cf.
545 4129 641 4184 Senec.
666 4129 703 4183 ad
724 4130 801 4183 Helv.
826 4131 861 4184 de
885 4130 1036 4183 consolat:
1061 4129 1128 4182 ‘tum
1151 4142 1232 4196 pera-

98 4215 179 4282 gratis
188 4211 398 4270 humilioribus
409 4212 445 4266 ad
455 4229 565 4267 summa
575 4214 729 4283 perrumpit
739 4219 767 4268 et
779 4213 967 4284 pulcherrimo
981 4213 1140 4266 divinorum
1152 4226 1231 4278 spec·

98 4302 187 4354 taculo
206 4299 326 4364 fruitur,
348 4296 523 4351 aeternitatis
543 4315 612 4354 suae
632 4316 738 4354 mernor
757 4299 787 4352 in
806 4315 889 4354 omne
902 4298 977 4368 quod
989 4298 1040 4352 fuit
1053 4297 1231 4364 futurumque

98 4387 145 4453 est,
163 4386 245 4442 vadit
267 4379 405 4437 omnibus
424 4381 563 4435 saeculis'.
