3240 5252
345 520 387 582 74
621 577 624 584 ,
789 524 907 576 Petrus
927 522 1021 590 heia,
1383 511 1468 596 [234]

379 769 382 776 ⁴
433 699 476 759 At
499 716 561 777 qna
586 715 620 759 re
641 695 799 759 adductus
817 695 929 759 Cicero
950 695 1003 758 hic
1027 714 1103 757 usus
1125 697 1174 757 est
1190 693 1338 775 liquendi
1354 692 1469 756 verbo?

342 799 543 863 Vertendum
584 800 613 862 ei
652 803 719 862 erat
753 798 895 861 Platonis
930 799 1107 876 διαχέοντα.
1154 797 1328 860 Adiectivo
1367 799 1469 858 autem

342 901 427 984 quod
444 902 555 965 Latine
575 907 623 965 est
640 901 794 986 liquidum
810 900 982 983 respondet
1000 899 1121 963 Graece
1141 900 1324 979 κεχυμένον,
1343 904 1380 960 ut
1402 917 1426 960 e.
1443 918 1469 978 g.

340 1006 374 1067 in
394 1004 487 1068 Dion.
505 1003 576 1066 Hal.
595 1004 659 1066 iud.
681 1004 720 1066 de
745 1003 841 1066 Isocr.
859 1004 961 1084 capii
988 1003 1137 1066 Usener:
1163 1002 1335 1078 ετρογγύλη
1358 1003 1394 1062 δέ
1415 999 1470 1062 οὔκ

341 1108 419 1172 έετιν
444 1106 521 1187 (scil.
547 1107 626 1169 utne
653 1108 671 1189 ᾐ
699 1107 843 1183 κέχρηται
869 1105 1063 1186 Ἰεοκράτηε),
1093 1105 1196 1182 ὥςπερ
1222 1103 1322 1181 ἐκείνη
1352 1102 1469 1183 (scilia

341 1209 463 1290 horico)
481 1211 529 1271 καὶ
548 1209 814 1286 ενγκεκροτημένη
832 1210 881 1270 καὶ
900 1208 980 1284 πρὸς
996 1207 1122 1281 ἀγῶνα(
1139 1209 1317 1270 δικανικοὺς
1337 1205 1470 1286 εὔθετος,

340 1313 433 1375 ὑπτία
450 1314 485 1375 δέ
502 1312 560 1374 tra
573 1315 692 1387 μᾶλλον
712 1313 761 1373 καὶ
778 1312 927 1388 κεχυμένη
944 1311 1097 1373 πλουείωε
1114 1328 1139 1372 e.
1153 1329 1181 1390 q.
1195 1328 1218 1371 s.
1245 1308 1360 1390 Itaque
1377 1307 1470 1371 verbo

341 1415 428 1496 quod
448 1414 569 1477 Graece
593 1417 641 1476 est
659 1414 768 1491 χέομαι
791 1412 983 1494 respondeat
1001 1430 1133 1476 necesse
1158 1416 1207 1474 est
1225 1411 1339 1474 Latine
1363 1413 1469 1496 liquor.

430 1516 579 1597 Denique
602 1515 784 1578 Fridcricus
808 1515 915 1578 verbis
937 1515 1099 1576 inusitatis
1123 1514 1207 1576 haud
1232 1534 1304 1576 raro
1332 1513 1470 1576 Tullium

340 1638 437 1683 usum
449 1639 520 1682 esse
532 1619 670 1695 monuit3
688 1619 735 1680 sic
748 1637 823 1680 eum
834 1617 869 1679 in
882 1617 930 1679 De
944 1636 986 1679 or.
997 1617 1015 1678 l.
1026 1617 1065 1695 ΙΙ,
1081 1617 1136 1678 58:
1150 1619 1367 1700 incompositus
1378 1635 1469 1698 posu-

339 1724 403 1785 isse
417 1721 617 1801 vocabulum,
634 1721 719 1801 quod
736 1739 754 1783 e
769 1719 914 1802 proximo
926 1722 1136 1804 compositione
1151 1723 1262 1781 natum
1277 1737 1348 1782 esse
1363 1718 1468 1782 fateor.

341 1825 459 1888 Confer
475 1826 571 1887 etiam
588 1827 606 1904 ξ
626 1825 704 1886 12οε
730 1826 971 1907 inqreriaserum
996 1821 1080 1902 quod
1098 1827 1146 1884 est
1162 1821 1357 1884 vocabulum
1374 1821 1470 1884 Enni-

339 1947 436 1990 anum
447 1930 485 2008 1);
504 1929 522 2008 ᾗ
541 1929 598 1989 93;
625 1927 850 2007 submittantur,
875 1944 938 2006 quo
956 1924 1053 1987 verbo
1071 1924 1167 1986 vertit
1182 1925 1270 2006 quod
1286 1924 1409 1988 Graece
1426 1930 1471 1987 est

339 2030 600 2106 inclinatorium
615 2032 632 2110 ξ
653 2030 729 2092 176:
747 2029 970 2111 festivitatibus
983 2027 1068 2108 quod
1083 2028 1144 2089 nisi
1157 2028 1210 2091 hic
1222 2048 1289 2091 non
1301 2028 1471 2091 adhibetur

339 2133 454 2216 plurali
481 2152 632 2207 numer03
671 2138 690 2212 ξ
717 2135 777 2196 177
790 2154 796 2195 :
826 2135 952 2212 maasia,
982 2129 1067 2212 quod
1094 2136 1143 2194 est
1177 2130 1260 2194 ἅπαξ
1290 2132 1468 2209 εἰρημένον;

340 2238 358 2317 ,ξ
386 2238 462 2298 197:
488 2237 659 2320 quadrare,
684 2236 739 2316 qui
769 2241 816 2298 est
844 2236 1001 2298 terminus
1025 2233 1191 2297 technicus
1220 2234 1468 2312 architecturae;

339 2339 419 2401 Phil.
432 2339 471 2419 V,
485 2341 542 2401 28:
563 2340 700 2419 coelestia
717 2358 812 2419 quam
826 2357 938 2401 vocem
953 2339 1076 2420 primns
1093 2356 1198 2418 neque
1210 2337 1273 2400 nisi
1291 2337 1359 2400 illic
1372 2342 1470 2399 trans-

339 2443 402 2504 lato
427 2461 523 2505 sensu
548 2442 701 2504 adhibuit.

429 2545 482 2608 Sic
498 2545 552 2606 illa
569 2544 688 2607 codicis
701 2544 909 2607 Abrinocnsis
923 2544 1080 2625 scriptura
1096 2543 1214 2625 optime
1231 2543 1383 2625 congruit
1399 2562 1469 2605 curn

338 2652 357 2729 ξ
378 2649 429 2729 21,
453 2647 511 2710 ubi
527 2648 567 2710 de
592 2647 704 2711 eodem
728 2653 851 2709 oratore
876 2645 1028 2710 mediocri
1052 2645 1130 2709 dicit
1144 2645 1283 2708 Tullius:
1309 2649 1396 2730 isque
1412 2665 1469 2708 uno

337 2759 447 2831 tenore,
472 2758 504 2814 ut
523 2752 621 2830 aiunt,
641 2753 675 2813 in
695 2750 821 2813 amende
837 2749 949 2832 sinist),
973 2748 1053 2812 nibil
1071 2747 1206 2829 afferens
1219 2755 1349 2832 praeter
1368 2747 1468 2830 facill-

337 2860 429 2917 tatcm
444 2860 472 2916 et
491 2854 742 2938 aequabilitatem.
766 2851 857 2916 Idem
872 2852 940 2915 fere
960 2850 1045 2932 quod
1064 2852 1196 2936 liquitur
1215 2850 1424 2932 significaret
1443 2850 1468 2912 si

336 2956 471 3039 probare
491 2956 598 3037 vallea,
619 2955 771 3038 Purgoldi
790 2956 920 3034 labitur;
947 2953 1002 3017 sed
1022 2956 1207 3017 coniectura
1227 2971 1308 3035 opus
1328 2973 1394 3016 non
1414 2956 1468 3016 est.

426 3059 467 3122 Π.
498 3059 632 3122 Codices
664 3059 797 3122 habent:
827 3059 980 3123 translata
1009 3058 1099 3121 uerba
1128 3063 1217 3142 atque
1247 3060 1414 3120 immutata
1443 3054 1468 3117 L

336 3169 456 3226 mutata
473 3165 509 3243 A,
523 3161 639 3226 deinde
656 3169 775 3226 mutata
792 3160 855 3224 AL.
877 3161 958 3223 Cum
973 3159 1218 3241 Heerdegenius
1235 3179 1272 3222 ac
1290 3158 1466 3239 Sandysius

335 3265 538 3328 Laudensenr
562 3266 745 3346 sequantur,
770 3264 938 3354 Schuetzio
963 3265 1092 3326 auctore
1116 3262 1257 3342 Iahnius,
1283 3261 1465 3342 Pideritius

335 3367 527 3448 Fridericus,
544 3367 705 3450 Stanglius
722 3367 770 3429 bis
790 3367 936 3429 scribunt
950 3369 1122 3446 immutata,
1142 3365 1218 3446 quia
1233 3368 1402 3430 immutare
1417 3364 1465 3426 vel

335 3477 456 3534 mutare
479 3471 635 3533 terminus
659 3471 701 3532 sit
726 3470 888 3532 rhetorum
913 3469 1081 3532 technicus
1105 3487 1210 3549 neque
1235 3468 1349 3531 Cicero
1373 3467 1464 3530 modo

336 3573 469 3636 verbum
489 3573 626 3656 simplex
645 3572 739 3635 modo
757 3572 968 3654 compositum
987 3571 1139 3634 adhihere
1158 3571 1309 3653 potuerit
1329 3570 1465 3652 ideoque

335 3680 391 3738 aut
418 3676 480 3738 hoc
508 3681 563 3737 aut
589 3674 671 3737 illud
696 3680 831 3755 utroque
860 3675 931 3738 loco
960 3676 1002 3736 sit
1023 3674 1254 3756 reponendum,
1278 3675 1464 3756 praesertim

336 3798 410 3841 curn
434 3777 532 3841 allero
557 3779 636 3841 alter
664 3780 706 3840 sit
734 3777 945 3859 explicandus
955 3778 985 3859 ³).
1020 3776 1144 3853 Quibus
1172 3777 1250 3838 viris
1275 3776 1465 3839 doctissimis

335 3881 492 3944 assentior
515 3881 572 3942 hos
593 3880 704 3962 legens
727 3881 844 3943 locos:·
859 3882 877 3961 ξ,
895 3882 953 3942 94:
978 3887 1006 3945 et
1028 3901 1214 3966 quamquam
1237 3881 1401 3944 translatio
1423 3885 1464 3944 est

335 3986 420 4068 apual
434 4005 503 4048 eum
519 3985 624 4065 multa,
638 3991 740 4049 tamen
754 3987 981 4048 immutationes
997 4005 1148 4068 nusquam
1164 3984 1346 4062 crebriorem
1372 3984 1390 4066 ᾗ
1409 3984 1463 4046 93:

330 4107 391 4170 pro
413 4086 508 4168 Afris
530 4090 690 4151 immutate
713 4083 879 4154 <sumens>
903 4086 1050 4168 Africam
1059 4088 1098 4166 4);
1130 4087 1229 4166 §Siz
1253 4089 1464 4150 immutatione

427 4219 445 4287 ¹)
459 4219 559 4273 Annal.
573 4219 680 4286 Fragm.
696 4219 749 4272 579
764 4217 945 4285 (exVahlenii
966 4219 1034 4272 Enn.
1048 4235 1124 4286 pecs.
1137 4217 1185 4271 rel.
1198 4218 1244 4272 alt.
1258 4217 1300 4270 ed.
1314 4234 1376 4286 pag.
1394 4216 1463 4286 107.)

460 4302 628 4370 Cf.Longin.‚
638 4303 736 4356 RhGr.
745 4304 764 4368 1,
773 4301 826 4354 326
835 4301 1056 4370 Spdehristide:
1069 4303 1252 4367 ευνέχώεγάρ
1261 4301 1317 4354 terr
1326 4301 1371 4354 καὶ
1379 4303 1461 4368 ῥέων.

426 4305 436 4334 2

425 4303 447 4455 ³l
465 4387 504 4440 Cf.
525 4387 658 4440 Friderici
677 4387 774 4454 verba,
794 4401 866 4453 quae
886 4391 951 4440 sunt
970 4387 1067 4441 Philol.
1087 4387 1131 4454 44,
1142 4386 1204 4440 678.

424 4471 446 4539 4)
465 4487 574 4524 sumena
593 4470 652 4539 ipse
672 4472 760 4537 add03
782 4470 815 4522 cl.
835 4469 918 4523 huius
939 4472 1005 4525 diss.
1025 4488 1086 4540 pag.
1107 4471 1149 4525 79.
