3228 5268
280 571 282 574 y
316 510 360 563 De
380 507 502 576 Gregorii
520 505 693 562 Nazianzeni
712 505 886 562 orationibus
904 507 1075 562 funebribus.
1215 501 1259 567 65

125 683 199 746 artis
214 681 347 745 ratione
363 679 439 743 huie
450 679 529 762 parti
541 679 736 761 subiungere
752 677 902 760 solebant,
916 684 1120 743 enarraturus
1136 680 1259 763 longio-

125 805 191 850 rem
206 786 296 848 hanc
314 783 378 847 sibi
393 787 481 865 parat
496 783 579 866 apud
596 782 758 846 auditores
775 782 1015 858 excusationem
1031 783 1090 867 (cp.
1110 785 1178 865 14):
1204 783 1258 850 ‘Tb

10 939 11 970 γ
126 890 179 966 μὲν
200 889 241 964 όή
268 887 363 964 μεχρὶ
385 884 506 949 τούτων
530 885 687 962 εῦόρομος
710 885 780 963 ἡμῖν
801 884 819 947 ό
839 885 936 959 λόγος
958 887 1008 949 καὶ
1027 887 1079 950 διὰ
1097 887 1179 951 λείας
1202 892 1259 965 τῆς

126 991 207 1054 όόοῦ
233 990 352 1068 φὲρων
381 991 430 1052 καὶ
457 989 536 1065 ἄγαν
558 988 701 1065 εὐπόρου
728 988 778 1050 καί
806 990 958 1065 βαςιλικῆς
985 986 1087 1052 όντως
1109 993 1175 1052 τῶν
1198 994 1257 1053 τοῦ

126 1093 245 1172 ἀνδρὸς
281 1091 470 1167 ἐγκωμίων·
505 1091 541 1154 τὸ
577 1091 613 1154 δὲ
648 1090 796 1154 ἐντεῦθεν
826 1091 884 1154 οῦκ
919 1086 982 1154 οἷδ’
1013 1090 1061 1155 ότι
1094 1097 1140 1174 τῷ
1170 1092 1257 1177 λόγῳ

125 1198 291 1274 χρήςωμαι
311 1195 362 1256 καὶ
380 1197 434 1256 ποῑ
449 1193 631 1271 τράπωμαι·
651 1193 713 1271 ἔχει
731 1193 792 1270 γάρ
811 1215 839 1257 τι
858 1195 907 1257 καὶ
925 1193 1100 1271 πρόςαντες
1118 1195 1137 1258 ὁ
1154 1195 1257 1271 λόγος.

124 1303 217 1362 ποθιῦ
248 1299 306 1374 μὲν
331 1296 400 1374 γάρ,
429 1293 566 1358 ἐνταῦθα
589 1299 647 1358 τοῦ
676 1295 774 1370 λόγου
797 1297 968 1372 γενόμενος
991 1299 1121 1360 καὶτοῦ
1146 1302 1256 1376 καιροῦ

124 1401 241 1464 τούτου
258 1398 445 1481 λαβόμενος,
464 1399 514 1462 καὶ
528 1402 593 1462 τῶν
610 1398 676 1461 κατ’
694 1397 832 1475 ἐμαυτόν
850 1418 878 1460 τι
897 1403 1076 1475 προςθεῑναι
1094 1405 1159 1465 τοῖς
1178 1403 1258 1482 εἰρη-

124 1504 231 1580 μένοις
261 1505 312 1565 καὶ
342 1502 450 1579 μικρόν
473 1523 500 1564 π
522 1505 763 1580 προςδιατρῖψαι
786 1501 832 1584 τῷ
851 1501 1023 1582 διηγήματι,
1054 1501 1130 1567 ὅθεν
1153 1525 1187 1568 τε
1210 1507 1260 1569 καὶ

124 1604 215 1669 ὅπως
244 1605 319 1683 ἡμῖν
342 1653 348 1666 .
370 1653 405 1670 ..
432 1604 516 1667 <orla
541 1604 602 1680 γὰρ
632 1601 706 1667 οὔτε
735 1601 809 1681 ὄψις
840 1602 958 1685 ῥᾳδίως
986 1603 1165 1684 ἀναχωρεῖν
1193 1612 1258 1670 τῶν

123 1711 271 1785 τερπνῶν
282 1706 462 1786 θεαμάτων,
474 1705 533 1768 κᾶν
544 1705 664 1787 άφὲλκῃ
673 1726 717 1769 τις
731 1707 788 1789 βίᾳ,
801 1707 883 1783 πρὸς
895 1706 976 1769 αὐτὰ
988 1708 1079 1770 πάλιν
1093 1709 1257 1787 φέρεςθαι·

125 1810 198 1873 οὔτε
222 1811 322 1884 λόγος
345 1813 410 1872 τῶν
433 1809 567 1886 ἡδίςτων
592 1809 799 1886 διηγημάτων.
836 1808 964 1870 δέδοικα
988 1812 1083 1872 δὲτὸ
1106 1812 1258 1889 φορτικὸν

124 1917 178 1990 τῆς
203 1912 421 1991 ἑγχειρήςεως.
448 1912 629 1990 πειράςομαι
645 1914 700 1988 μὲν
718 1911 786 1992 οὖν,
808 1910 852 1974 ὡς
874 1911 939 1975 οίόν
956 1932 990 1975 τε
1006 1914 1146 1992 μετρίως,
1162 1912 1258 1977 τοῦτο

124 2019 235 2078 ποιεῖν.
269 2014 310 2078 ἂν
337 2012 365 2076 δ’
385 2011 448 2092 ἄρα
470 2034 498 2076 τι
521 2015 570 2076 καὶ
595 2016 772 2091 βιαῑιῦμεθα
796 2013 858 2076 ὑπὸ
877 2016 937 2076 τοῦ
955 2015 1068 2096 πόθου,
1094 2019 1257 2093 ςυγγνάιμη

124 2123 169 2202 τῷ
194 2119 319 2196 πάθει’;
350 2121 446 2197 atque
474 2117 598 2180 orditur
626 2135 674 2199 cp.
693 2117 733 2179 15
758 2116 982 2198 narrationem,
1013 2137 1096 2198 quae
1120 2119 1260 2200 pertinet

124 2240 230 2304 usque
260 2219 304 2284 ad
331 2239 381 2302 cp.
399 2219 450 2282 22.
490 2219 551 2283 Sed
581 2239 629 2303 cp.
648 2222 688 2283 19
717 2221 954 2302 interrumpens
982 2221 1195 2284 narrationem
1225 2240 1259 2284 se

125 2326 264 2388 excusat
289 2327 410 2387 orator:
440 2323 644 2401 Ἅίςθάνομαι
668 2327 724 2401 μὲν
749 2324 807 2387 οὖν
832 2322 892 2389 ἔξω
916 2327 975 2387 τοῦ
999 2328 1110 2401 καιροῦ
1134 2326 1258 2388 καὶτοῦ

124 2429 241 2506 μέτρου
255 2427 441 2505 φερόμενος
457 2427 506 2489 καὶ
522 2426 580 2489 οὐκ
592 2423 651 2491 οἷδ’
663 2426 751 2492 ὅπως
764 2427 806 2491 εἰς
817 2426 948 2491 τούτους
960 2427 1156 2505 ἑμπίπτω<ν>
1168 2428 1259 2504 (corr.

124 2528 157 2592 B.
170 2529 256 2598 Keil)
269 2529 348 2590 τοῦς
360 2527 483 2608 λόγους,
497 2528 556 2591 οὐκ
572 2529 636 2607 ἔχω
655 2529 683 2592 δ’
697 2528 786 2592 ὅπως
798 2528 934 2606 ἐμαυτὸν
948 2528 1061 2608 ἐπίςχω
1079 2532 1138 2592 τοῦ
1155 2529 1260 2606 διηγή-

123 2651 227 2707 ματος.
255 2629 306 2692 ἀεὶ
325 2627 387 2706 γάρ
407 2649 458 2705 μοι
475 2631 511 2692 τὸ
531 2634 668 2709 παρεθὲν
685 2631 857 2705 ἀναγκαῖον
881 2632 1024 2710 φαίνεται
1046 2632 1096 2694 καὶ
1119 2635 1260 2708 κρεῖττον

121 2736 179 2796 τοῦ
189 2730 443 2812 προειληφότος.
454 2780 474 2794 ..
489 2733 522 2795 Εἰ
535 2735 590 2809 μὲν
603 2734 663 2797 οῦν
676 2734 866 2812 ςυγχωρήςει
874 2753 926 2814 τις,
939 2732 1003 2811 ἔχω
1012 2734 1048 2796 τὸ
1060 2734 1259 2816 Ζητοῦμενον,

122 2837 146 2900 εἰ
168 2841 205 2901 δὲ
226 2837 281 2917 μή,
302 2833 379 2913 παρ’
403 2832 541 2911 ἐμαυτοῦ
564 2826 724 2915 λήψομαί.
748 2836 819 2900 Hac
837 2839 1017 2901 narratione
1040 2839 1133 2902 linita
1148 2839 1261 2903 Basilii

122 2938 277 3022 discipuli
310 2935 507 3000 docilitatem
522 2930 728 3002 'industriam
755 2958 861 3004 mores
888 2941 1012 3004 laudat:
1045 2942 1261 3024 eloquentiam

120 3043 370 3125 grammaticam
392 3041 557 3103 metricam
579 3041 813 3124 philosophiam
840 3044 1030 3125 (πρακτικήν,
1059 3047 1259 3127 θεωρητικήν,

121 3143 341 3224 διαλεκτικήν),
358 3144 584 3206 astronomiam
598 3144 806 3226 geometriam
822 3144 1054 3209 arithmeticam
1066 3143 1260 3210 medicinam

122 3269 197 3312 eum
216 3247 375 3310 didicisse
392 3246 452 3328 (cp.
467 3247 528 3326 23).
559 3246 716 3310 Omnibus
729 3247 872 3311 scientiis
885 3267 922 3311 ae
934 3247 1048 3312 litteris
1064 3254 1211 3312 ornatum
1225 3257 1260 3314 ut

120 3371 244 3416 navem
256 3348 425 3413 mercibus
441 3353 602 3412 oneratam
616 3349 747 3412 domum
758 3351 937 3432 revertisse,
952 3350 1070 3414 amicos
1081 3347 1271 3416 discessum

120 3456 274 3539 lugentes
299 3453 439 3516 Athenis
462 3452 629 3533 reliquisse
653 3455 713 3535 (ep.
731 3452 793 3533 24).

211 3553 407 3636 Presbyteri
432 3555 460 3616 1.
484 3556 745 3633 Ἐπιτήόευμαε
775 3554 1007 3637 Presbyterinn
1034 3575 1110 3620 eum
1137 3557 1259 3622 iactum

120 3681 205 3744 esse,
241 3662 415 3742 postquam
445 3676 577 3721 munere
607 3657 734 3721 lectoris
766 3657 898 3722 functus
929 3663 1023 3741 esset,
1055 3659 1140 3740 quod
1166 3680 1258 3743 prae-

120 3768 205 3828 stare
233 3781 313 3826 eum
339 3779 406 3823 non
435 3763 472 3822 ut
499 3759 576 3822 alios
599 3758 755 3842 puduisse
778 3762 836 3842 (ep.
855 3761 1006 3842 25-27).
1046 3762 1075 3823 2.
1098 3761 1260 3838 Πράξεις

121 3886 204 3949 quas
236 3862 386 3946 singulas
415 3861 534 3926 referre
557 3883 632 3926 cum
659 3862 780 3926 nullius
806 3865 960 3926 momenti
982 3865 1035 3944 sit,
1066 3865 1258 3945 supersedeo

121 3973 180 4054 (cp.
200 3967 360 4049 28—36).

214 4068 373 4155 Episcopi
398 4069 426 4130 1.
451 4069 711 4146 Ἐπιτήδευμαι
740 4071 870 4151 propter
892 4087 943 4132 res
966 4067 1044 4150 illae,
1069 4087 1148 4149 quas
1172 4087 1260 4151 pres-

120 4177 219 4259 byter
231 4172 378 4238 Basilius
390 4170 497 4252 gessit
516 4190 590 4233 eum
602 4170 789 4253 episcopum
806 4171 1043 4246 Caesariensem
1055 4170 1176 4234 iactum
1188 4189 1260 4235 esse

121 4281 181 4364 (cp.
195 4275 355 4356 37-38).
377 4274 405 4336 2.
419 4272 578 4349 Πράξεις
593 4275 654 4356 (cp.
667 4274 827 4357 38-59):
845 4273 874 4360 a)
891 4294 943 4338 res
959 4274 1147 4337 domesticas
1163 4278 1259 4354 atque

122 4384 270 4446 internas
287 4376 447 4443 eeclesiae
467 4378 621 4459 temperat
635 4376 696 4459 (cp,
713 4377 755 4439 39
772 4382 901 4456 πρῶτον
926 4427 931 4440 .
949 4427 955 4439 .
973 4427 979 4439 .
1004 4396 1052 4459 cp.
1069 4377 1111 4440 40
1128 4375 1258 4456 ἔπειτα);

177 4522 234 4575 xri,
249 4521 268 4564 1.
300 4529 302 4534 ’
1135 4499 1152 4552 5
