3228 5268
342 467 362 528 8
776 475 886 530 Xaver
905 476 1025 544 Harth,

343 643 508 709 ‘Helenae'
527 644 664 726 gemella
682 649 730 709 est
752 646 938 711 Isocratis
957 647 1131 712 ‘Busiris’
1141 650 1171 732 ¹),
1197 651 1291 714 cuius
1309 670 1383 734 pars
1400 651 1468 714 lau-

342 748 465 812 datoria
488 753 612 812 constat
635 768 653 812 e
676 748 770 813 laude
792 751 906 824 γὲνουε
929 755 962 814 et
983 750 1141 834 πράξεων,
1166 771 1248 834 quae
1272 753 1370 817 simul
1394 775 1466 818 cum

340 852 514 915 virtutibus
529 851 763 934 praedicantur.
784 852 940 916 Videmus
955 853 1055 936 igitur
1070 873 1180 918 omnes
1197 855 1253 918 has
1269 856 1468 922 laudationes

340 954 422 1018 nihil
445 955 627 1018 attribuisse
651 954 692 1017 ad
716 956 971 1019 constituendam
990 961 1047 1020 aut
1065 957 1323 1041 amplificandam
1343 979 1467 1042 compo-

340 1060 491 1123 sitionem
520 1057 618 1120 huius
646 1059 773 1140 generis
803 1060 991 1124 orationum.
1031 1059 1183 1123 Omnium
1212 1064 1393 1126 communis
1421 1068 1468 1127 est

342 1162 514 1244 descriptio
538 1160 665 1242 γένους,
690 1181 786 1242 quam
809 1165 955 1244 sequitur
977 1163 1048 1226 laus
1071 1162 1123 1226 vel
1150 1163 1238 1227 illius
1262 1166 1391 1229 virtutis
1417 1165 1467 1230 vel

339 1265 468 1328 illorum
483 1263 651 1345 factorum,
676 1263 793 1344 quibus
809 1266 846 1347 is,
863 1268 920 1349 qui
935 1266 1092 1344 laudatur,
1111 1267 1249 1350 palmam
1265 1269 1348 1331 tulit.
1379 1269 1467 1333 Haeo

341 1373 390 1432 est
413 1368 508 1430 etiam
524 1365 628 1448 prima
646 1387 728 1448 quae
746 1370 916 1434 invenitur·
930 1370 1096 1453 dispositio
1113 1371 1348 1454 epitaphiorum
1366 1372 1467 1455 publi-

342 1490 462 1551 corum,
487 1469 527 1533 de
553 1489 617 1552 qua
638 1469 723 1532 infra
746 1470 908 1536 disseram.

432 1572 520 1650 Quae
543 1591 618 1635 cum
640 1573 685 1635 ita
703 1575 775 1655 sint,
798 1593 912 1639 revera
934 1593 1064 1658 prorsus
1083 1576 1159 1638 novi
1183 1575 1305 1657 aliquid
1323 1577 1469 1659 praebuit

340 1677 443 1760 prima
466 1675 608 1738 laudatio
632 1676 666 1736 in
686 1677 852 1758 aequalem
876 1677 929 1741 vel
951 1677 1176 1760 inhominem,
1201 1679 1257 1760 qui
1280 1698 1346 1742 non
1371 1679 1467 1742 multo

341 1785 415 1843 ante
439 1778 573 1841 oratoris
597 1782 742 1861 tempora
764 1778 838 1861 fuit,
868 1780 939 1843 dico
963 1779 1113 1843 Isocratis
1140 1779 1269 1844 laudem
1292 1781 1467 1844 Alcibiadis

340 1884 447 1967 patris,
466 1901 548 1964 quae
564 1882 685 1944 inserta
700 1886 749 1944 est
760 1883 896 1946 orationi
908 1882 1061 1964 iudiciali,
1082 1903 1164 1964 quae
1179 1887 1249 1963 περὶ
1264 1888 1323 1948 τοῦ
1341 1885 1468 1960 Ζεύγουι

340 1985 528 2048 inscribitur
550 1983 581 2069 (ξ
599 1986 751 2069 25-41).
787 1985 875 2063 Quae
901 1987 1000 2048 oratio
1025 2007 1108 2050 anno
1133 1989 1195 2050 397
1221 1987 1371 2074 habitab,
1396 2009 1467 2052 oum

340 2090 380 2152 ad
401 2094 489 2153 recte
509 2089 717 2152 iudicandum
735 2090 936 2173 ‘Euagoram'
952 2091 1127 2174 plurimum
1140 2092 1251 2172 valeat,
1266 2093 1373 2157 fusius
1389 2098 1468 2158 trac-

341 2192 438 2256 tanda
461 2193 538 2272 erit3
562 2193 662 2256 miror
685 2198 801 2276 autem,
826 2193 911 2275 quod
935 2192 1000 2256 Leo
1025 2213 1094 2257 eam
1119 2195 1176 2256 vix
1200 2197 1468 2260 commemoravit.

340 2299 449 2378 Atque
473 2300 578 2359 orator
593 2298 661 2379 ipse
681 2297 831 2379 proponit
855 2296 1096 2379 dispositionem
1121 2299 1139 2378 ᾗ
1160 2299 1216 2360 24:
1243 2298 1383 2377 ἐπιθυμῶ
1402 2300 1470 2378 περὶ

340 2404 407 2462 τῶν
432 2399 684 2477 ἐπιτηδευμάτων
708 2404 774 2462 τῶν
792 2403 851 2462 τοῦ
868 2400 988 2476 πατρὸς
1004 2403 1139 2463 διελθεῖν
1156 2401 1237 2477 πρὸ(
1256 2401 1338 2478 ὑμᾶς
1362 2403 1468 2479 μικρὸν

340 2503 516 2579 προλαβὼν
533 2502 583 2563 καὶ
597 2506 663 2564 τῶν
676 2502 847 2580 προγόνων
863 2502 1071 2582 ἐπιμνητθείτ;
1088 2501 1231 2566 laudabit
1246 2505 1346 2585 igitur
1365 2508 1470 2567 orator

340 2603 435 2678 γένος
459 2607 491 2665 et
514 2602 743 2688 ἐπιτηδεύματα
764 2635 797 2656 --
814 2604 911 2683 lacta3
935 2605 1128 2687 interposuit
1150 2610 1257 2669 autem
1281 2608 1368 2669 inter
1392 2607 1469 2670 duas

341 2705 399 2768 has
422 2707 528 2788 partes
551 2704 680 2768 laudem
703 2707 852 2770 corbeton.
885 2707 1058 2789 Dispositio
1083 2708 1183 2791 igitur
1205 2708 1286 2772 haec
1310 2714 1374 2772 est:

432 2810 525 2883 γὲνοτ
548 2809 578 2888 (ξ
597 2809 637 2869 25
651 2809 740 2889 -27)

431 2911 554 2974 παιδεία
578 2912 608 2992 (ξ
626 2912 680 2988 28)

431 3015 558 3093 πράξει(
581 3015 665 3097 (post
688 3016 885 3095 δοκιματίαν;
912 3017 930 3096 ᾗ
951 3016 1094 3098 29-41)

503 3117 532 3196 a)
555 3136 607 3180 res
632 3117 702 3179 eius
726 3116 809 3180 bello
832 3117 985 3181 Thracico
1008 3123 1117 3201 gestae

503 3220 534 3297 b)
559 3220 796 3282 matrimonium

504 3323 532 3399 o)
556 3323 710 3386 victoriae
735 3323 804 3386 eius
829 3322 1016 3406 Olympicae
1041 3328 1072 3387 et
1096 3325 1273 3407 λῃτουργίαι

504 3425 536 3506 d)
561 3425 639 3508 quid
661 3426 697 3487 in
721 3445 755 3490 re
779 3425 908 3508 publica
930 3427 1066 3508 gesserit

505 3529 533 3608 e)
557 3547 650 3592 mors.

433 3628 635 3712 Quamquam
654 3631 819 3715 dispositio
838 3631 935 3694 huius
955 3633 1115 3714 orationis,
1140 3652 1236 3714 quem
1256 3638 1363 3696 orator
1380 3653 1473 3717 poec-

341 3733 427 3796 thesi
434 3735 590 3816 proponit,
598 3734 855 3798 eosdemrdnooc
862 3734 1095 3818 praebetatque
1103 3736 1473 3820 laudationespriores-

341 3855 418 3898 nam
428 3834 600 3900 laudantur
611 3838 705 3913 γένος
718 3842 750 3900 et
766 3836 1052 3921 ἐπιτηδεύματα-,
1067 3843 1175 3904 tamen
1192 3841 1421 3923 compositio
1439 3859 1475 3904 ea

433 3979 453 4047 ¹)
474 3977 571 4046 Blass,
591 3981 608 4033 l.
623 3995 646 4033 c.
661 3979 684 4032 ll
696 3979 764 4045 24&
785 3979 941 4047 composita
955 3984 998 4033 est
1010 3981 1101 4035 oratio
1113 3982 1189 4036 intra
1201 3997 1292 4036 annos
1306 3982 1359 4036 393
1374 3987 1402 4036 et
1414 3983 1473 4037 390.

344 4062 508 4119 Orationem
520 4080 579 4117 non
591 4081 698 4118 meram
711 4064 824 4118 laudem
837 4081 900 4117 esse
913 4064 1001 4118 voluit
1014 4069 1118 4133 orator,
1132 4066 1182 4119 sed
1196 4067 1343 4132 coniunxit
1354 4083 1419 4122 curn
1429 4067 1475 4121 de·

342 4147 473 4201 tensione
493 4148 526 4201 cf.
547 4149 563 4216 ἓ
577 4150 606 4203 9:
627 4150 754 4202 Ἓπαινον
773 4146 818 4200 καὶ
830 4146 996 4212 ἀπολογίαν
1016 4152 1043 4201 et
1056 4149 1072 4217 ἕ
1085 4149 1128 4216 44,
1149 4149 1216 4218 quia
1229 4152 1382 4220 respondet
1395 4152 1474 4221 Poly-

343 4231 577 4301 consorationi,
601 4249 683 4302 quern
703 4231 860 4296 ἀπολογίαν
884 4231 1048 4298 Βουτίριδοτ
1071 4235 1220 4304 scripsisse
1241 4235 1292 4304 οξ
1311 4236 1330 4288 4
1351 4241 1473 4306 apparet.

435 4317 456 4386 ²)
474 4316 570 4385 Neque
590 4320 666 4372 enim
685 4320 785 4388 habeo,
806 4333 856 4371 cur
874 4318 911 4371 ab
930 4317 984 4372 hoc
998 4335 1073 4372 anno
1087 4319 1246 4387 discedam;
1266 4321 1324 4375 iam
1337 4322 1401 4391 ipsa
1414 4339 1475 4377 ora·

342 4400 430 4454 tionis
450 4404 592 4457 structura
609 4403 743 4471 adducor,
763 4407 793 4457 ut
807 4403 963 4456 orationem
977 4403 1125 4471 posteriori
1138 4405 1225 4458 aetati
1237 4421 1296 4459 non
1308 4405 1440 4461 tribuam.
