3228 5268
322 470 364 523 De
384 467 508 537 Gregorii
527 465 700 522 Nazianzeni
718 463 895 521 orationibus
914 467 1086 522 funebribus.
1227 464 1269 526 39

222 639 390 720 Πράξει(
413 640 472 722 (cp.
490 641 616 720 7-14;
642 658 684 703 ex
702 643 885 720 temporum
909 640 1031 704 ratione
1054 643 1268 724 enarrantur):

137 743 255 808 Studiis
280 742 440 808 confectis
456 742 641 807 Caesarium
664 740 814 806 omnibus
833 741 1006 806 virtutibus
1030 743 1181 824 omnique
1206 743 1270 807 dis·

138 846 270 929 ciphnae
302 845 550 928 litterarumque
581 864 700 928 genere
728 845 932 928 instructum,
963 847 998 908 ut
1027 864 1142 910 navem
1170 846 1269 910 variis

137 949 295 1013 mercibus
313 953 477 1013 oneratam
489 949 519 1030 ¹),
543 947 672 1011 domum
689 947 820 1012 redisse.
848 946 932 1011 Miro
949 967 1025 1012 casu
1046 949 1205 1031 seipsum
1225 985 1267 994 -

138 1051 567 1116 oratoremdico-Athenis
577 1053 612 1115 in
622 1051 1269 1135 patriamrevertentemByzantiifratrem

139 1155 335 1235 convenisse,
356 1152 443 1236 quod
462 1154 525 1218 nisi
544 1154 605 1218 deo
623 1173 737 1238 preces
753 1155 862 1218 matris
880 1156 1072 1220 exaudiente
1090 1160 1176 1220 certo
1195 1155 1269 1219 fieri

137 1276 199 1321 non
216 1259 374 1341 potuisse.
407 1256 477 1333 Qua
499 1258 534 1320 in
557 1258 636 1322 urbe
660 1257 845 1322 Caesarium
871 1259 961 1324 brevi
982 1264 1125 1343 tempore
1149 1264 1269 1323 tantm

137 1361 197 1424 sibi
208 1359 447 1444 comparavisse
458 1359 601 1443 gloriam,
613 1364 651 1424 ut
663 1379 773 1424 omues
787 1362 924 1426 honores
936 1361 1065 1446 publice
1078 1368 1110 1425 et
1120 1362 1269 1446 privatim

138 1465 167 1528 ei
189 1468 448 1547 proponerentur
470 1464 530 1547 (cp.
554 1464 594 1546 8).
630 1463 831 1547 Quamquam
861 1471 968 1530 autem
998 1464 1148 1546 Byzantii
1171 1465 1268 1528 tantis

137 1566 313 1630 honoribus
338 1585 414 1630 eum
430 1565 614 1630 affecissent
638 1573 734 1649 atque
758 1567 790 1628 vi
815 1585 889 1631 eum
907 1567 1046 1632 retinere
1063 1568 1269 1649 studuissent

137 1673 239 1734 tamen
255 1667 411 1752 precibus
435 1670 502 1732 suis
526 1687 601 1732 eum
617 1668 847 1750 obsequentem
867 1669 907 1733 ad
925 1674 1074 1754 parentes
1089 1669 1269 1734 revertisse.

138 1771 320 1836 Caesarium
343 1789 419 1854 ergo
439 1769 587 1834 omnibus
604 1770 780 1835 honoribus
799 1773 894 1855 atque
917 1773 986 1855 regi
1008 1791 1110 1854 paene
1129 1773 1191 1855 ipsi
1206 1771 1270 1835 fra-

136 1880 215 1938 trem
231 1893 331 1938 suum
344 1873 565 1956 anteposuisse
580 1894 585 1936 :
600 1877 720 1936 tantam
732 1874 802 1936 eius
819 1875 1026 1955 φιλαδελφίαν
1042 1873 1143 1938 fuisse
1159 1874 1218 1957 (cp.
1230 1875 1269 1956 9).

136 1977 313 2060 Postquam
329 1982 441 2040 autem
457 1974 625 2039 Caesarius
637 1975 836 2057 aliquamdiu
852 1975 938 2040 donri
950 1978 1120 2041 mansisset
1134 1977 1271 2060 patriae·

137 2100 197 2163 que
219 2080 383 2165 primitias
407 2079 570 2143 doctrinae
598 2097 675 2142 suae
704 2080 965 2161 consecravisset,
994 2098 1069 2142 eum
1096 2079 1136 2142 ad
1164 2079 1271 2142 aulam

135 2184 337 2268 imperatoris
360 2182 550 2246 arcessitum
567 2199 644 2245 esse.
672 2180 873 2264 Quamquam
891 2188 996 2246 autem
1013 2182 1104 2246 brevi
1128 2187 1271 2265 tempore

136 2307 259 2351 summa
281 2285 388 2369 gloria
411 2285 573 2348 frueretur
595 2284 799 2367 primumque
822 2286 906 2348 inter
928 2285 1070 2349 medicos
1092 2285 1200 2348 locum
1224 2290 1270 2349 te-

135 2396 231 2473 neret
249 2396 362 2453 tamen
379 2388 451 2450 eius
467 2405 571 2450 mores
587 2406 752 2468 nunquam
771 2389 937 2470 corruptos
954 2406 1032 2470 csse,
1053 2407 1127 2450 cum
1143 2407 1272 2471 semper

135 2495 336 2559 meminisset
352 2510 388 2555 se
405 2489 620 2554 Christianum
639 2492 756 2570 esse²):
774 2490 929 2569 εὐεὲβειαν
946 2509 1050 2551 unum
1067 2493 1164 2572 atque
1179 2508 1271 2571 prae-

134 2597 370 2662 stantissimum
386 2593 508 2656 bonum
525 2593 555 2656 ei
570 2594 677 2655 visum
692 2610 770 2656 esse.
795 2590 908 2674 Neque
924 2609 1001 2656 vero
1018 2592 1101 2655 hanc
1118 2593 1271 2656 virtutem

134 2720 205 2765 eum
239 2697 430 2764 excoluisse
461 2695 569 2777 solam,
599 2695 656 2759 sed
687 2695 783 2758 etiam
814 2695 1003 2778 propinquis
1037 2694 1270 2758 calamitatibus

133 2803 318 2868 constrictis
344 2798 505 2863 auxilium
521 2800 634 2880 utique
662 2796 784 2877 tulisse,
813 2796 962 2861 omnibus
979 2797 1090 2862 amieis
1113 2817 1223 2881 parem
1240 2803 1273 2862 et

133 2906 302 2990 aequalem
318 2923 355 2967 se
371 2902 577 2985 praestitisse,
594 2899 776 2985 superbiam
792 2898 994 2964 fastidivisse.
1019 2900 1149 2965 Summa
1165 2902 1272 2964 autem

131 3011 225 3075 laude
238 3029 317 3074 eum
328 3007 465 3088 dignum
476 3025 553 3089 esse,
565 3005 652 3088 quod
661 3005 785 3068 Iuliano
795 3005 858 3087 ipsi
872 3006 1000 3069 conanti
1010 3024 1083 3070 eum
1094 3003 1273 3068 aChristia-

131 3134 248 3178 norum
280 3111 433 3175 doctrina
463 3109 502 3172 ad
534 3129 625 3173 suam
656 3107 841 3192 pertrahere
865 3109 1125 3193 superstitionem
1147 3107 1274 3171 fortiter

132 3218 302 3282 restiterit:
321 3232 430 3278 coram
445 3213 593 3275 omnibus
604 3212 773 3295 palamque
786 3229 861 3274 eum
872 3211 1129 3294 pronuntiavisse
1139 3228 1173 3272 se
1182 3207 1273 3271 Chri-

134 3322 273 3384 stianum
288 3336 363 3382 esse
381 3319 478 3396 atque
494 3314 569 3379 iore.
607 3315 712 3392 Quare
728 3314 834 3377 aulam
851 3333 923 3378 eum
940 3315 1125 3397 reliquisse3
1146 3310 1272 3375 Iuliano

134 3444 208 3490 vero
216 3427 350 3487 mortuo
361 3437 564 3482 successores
575 3439 650 3483 eum
658 3419 860 3483 revocavisse
872 3419 1085 3501 omnibusque
1098 3414 1273 3480 honoribus

135 3529 308 3592 ornavisse.
342 3522 516 3586 Imitentur
541 3524 641 3606 igitur
663 3521 826 3585 auditores
845 3521 985 3585 Caesarii
1007 3521 1158 3583 virtutem
1175 3519 1273 3600 atque

136 3629 364 3708 constantiam,
389 3628 427 3687 ut
451 3625 585 3689 eandem
607 3625 741 3708 gloriam
766 3622 985 3706 adipiscantur
1008 3624 1066 3706 (cp.
1091 3622 1152 3703 14).

222 3723 1273 3808 qucroc:FratreminBithyniamunerequaestorisfunctum,

137 3854 333 3921 quamquam
346 3830 503 3894 divinitus
519 3851 537 3895 e
553 3835 657 3895 terrae
673 3834 763 3892 motu
777 3828 841 3910 illc,
858 3830 914 3911 qui
928 3829 1081 3892 Nicaeam
1096 3825 1274 3908 evertisset,

137 3963 206 4007 oum
229 3937 410 4026 perpaucis
441 3954 482 3998 ex
509 3937 613 4001 ruinis
640 3935 720 4017 ipsis
747 3939 893 3998 servatus
922 3936 1013 4006 esset
1042 3936 1148 3994 tamen
1175 3926 1273 4010 paulo

135 4050 204 4129 post
227 4042 345 4109 morbo
370 4038 568 4120 implicatum
592 4058 630 4102 ac
652 4039 814 4100 mortuum
839 4055 909 4100 esse
932 4037 992 4117 (cp.
1012 4032 1073 4114 15).

224 4206 244 4275 ¹)
263 4203 377 4259 Eadem
397 4199 570 4266 comparatio
590 4196 735 4252 invenitur
752 4193 783 4248 in
802 4199 872 4250 orat.
892 4195 921 4248 in
940 4193 1025 4246 Basil.
1046 4189 1141 4260 epae.
1182 4270 1187 4280 ἣ

221 4292 243 4362 ¹)
263 4284 451 4344 Christianus
470 4284 595 4339 nondum
614 4284 687 4348 erat3
707 4294 773 4332 nam
793 4281 878 4348 paulo
897 4281 962 4334 ante
981 4279 1099 4330 mortem
1113 4275 1276 4342 baptizatus

224 4376 242 4431 f.

135 4382 186 4446 est;
207 4393 222 4432 c
264 4386 357 4441 supra
377 4382 422 4435 pg.
433 4367 475 4420 35.
