3240 5252
132 472 226 560 [229]
584 479 683 536 Studia
701 480 836 564 Tulliana.
1228 475 1269 540 69

134 655 290 718 feruntur
318 652 476 718 vocabula
498 671 581 734 quae
608 657 684 714 sunt
706 655 788 718 inter
810 673 864 716 eoa
900 650 962 716 Sed
986 653 1094 716 13313
1117 673 1183 716 333
1205 654 1271 716 iam

133 759 239 822 forma
271 758 395 840 primae
424 773 582 837 personae
610 754 753 820 adhibita
782 759 943 818 oratorum
969 755 1009 818 lit
1036 755 1164 818 mentio.
1201 756 1272 834 Qua

133 861 366 924 observatione
391 863 569 922 commotus
591 857 840 938 Baehrensius1)
862 877 920 941 pro
944 858 1055 940 primis
1078 858 1141 920 illis
1164 860 1271 941 potius

133 967 169 1028 13
193 967 246 1042 eis,
273 982 331 1044 pro
365 961 485 1024 ultimis
507 961 615 1042 potius
645 963 727 1025 iuter
754 981 802 1026 333
825 968 879 1043 <31
906 965 986 1036 333>
1015 962 1141 1024 restitui
1168 963 1271 1026 iussit.

135 1065 238 1130 Plura
264 1073 373 1128 tamen
398 1083 441 1128 ex
465 1063 612 1128 codicum
636 1063 793 1146 scriptura
816 1065 959 1126 mutavit.
985 1063 1103 1128 Contra
1125 1065 1194 1147 ipse
1213 1085 1271 1147 pro

135 1169 183 1232 313
216 1187 303 1250 3333
335 1172 411 1228 3331
440 1169 475 1230 13
505 1166 590 1232 nobis
611 1166 718 1248 potius
746 1168 780 1230 13
803 1173 967 1231 oratoris
989 1167 1097 1230 nativa
1121 1167 1213 1247 duco,
1237 1171 1274 1230 31

137 1271 299 1336 vocabula
315 1270 386 1334 illa:
410 1273 444 1333 13
460 1291 496 1334 ea
510 1274 665 1332 revocent
679 1274 844 1351 poetarum
861 1288 972 1332 vocem
989 1269 1139 1348 idemque
1155 1290 1274 1334 nomen
1369 1345 1372 1351 ¹

138 1397 239 1440 ooccm
265 1373 306 1438 ad
330 1375 463 1438 oratoris
485 1371 741 1436 subaudiendum
757 1372 806 1434 sit.
836 1371 886 1436 ita
901 1373 1052 1455 periacile
1069 1393 1110 1436 ex
1128 1374 1174 1438 313
1191 1393 1273 1456 3333

136 1484 215 1544 3331
243 1484 410 1562 poctarum
433 1497 489 1540 333
519 1480 551 1539 31
573 1478 705 1540 oratoris
729 1475 767 1538 ad
792 1475 846 1538 illa
870 1495 952 1556 quae
976 1482 1156 1558 sequuntur
1180 1497 1274 1540 voca·

136 1581 214 1644 bula
249 1585 405 1646 intereos
428 1577 642 1661 intellegenda
672 1578 841 1660 cogitando
871 1578 1084 1646 adsumuntur
1107 1585 1218 1662 poetae
1243 1586 1276 1646 ot

136 1687 291 1748 oratores

233 1895 253 1969 ξ
275 1890 327 1952 91.
361 1886 519 1964 Quoniam
534 1887 655 1951 Tullius
678 1888 711 1950 in
731 1887 769 1970 ἐξ
788 1887 920 1951 76-90
945 1887 983 1952 de
1007 1889 1135 1952 dicendi
1157 1907 1276 1971 genere

140 1994 234 2056 tenui
268 1993 338 2054 sive
363 1990 470 2054 Attico
502 1990 626 2054 locutus
651 1995 706 2071 est,
736 1992 771 2052 in
796 1991 836 2071 ἐξ
857 1992 987 2054 91-96
1013 1991 1052 2053 do
1083 1990 1187 2054 medio
1211 1992 1277 2073 agit

140 2095 306 2160 disserens
331 2094 426 2156 haec:
456 2093 525 2157 Hoc
540 2096 574 2156 13
588 2115 696 2178 933333
711 2113 874 2158 ammarum
892 2092 950 2176 [sio
967 2092 1163 2158 Loarborum
1177 2093 1215 2176 A]
1232 2095 1277 2158 331

140 2202 319 2278 minimum,
344 2199 503 2261 3333113113
526 2203 628 2260 cutem
651 2204 693 2260 est
717 2195 771 2279 [est
793 2194 821 2262 L
842 2200 870 2261 31
894 2196 934 2280 Α]
959 2197 1003 2260 331
1020 2197 1209 2280 plurimam
1234 2204 1278 2262 331

141 2307 226 2368 33133
245 2302 480 2386 planissumam
496 2299 549 2362 1333
568 2300 765 2380 enucleatum,
790 2321 882 2384 quam
905 2306 1006 2362 331333
1029 2299 1110 2362 illud
1131 2305 1278 2364 armatum

143 2410 360 2490 copiosumque
387 2405 585 2467 summissius.
619 2402 832 2466 Η313333313
856 2402 979 2466 dicandi
1005 2409 1278 2466 3333331333-

142 2513 274 2576 3331331
298 2508 533 2592 plurimamque
562 2509 660 2570 33113
689 2506 745 2570 hcc
775 2509 923 2571 orationis
953 2504 1278 2588 [33311331313333-

142 2615 241 2677 333311
264 2611 307 2693 A]
330 2609 437 2692 formo
461 2613 627 2674 3333113113.

238 2717 349 2794 111333
387 2732 497 2776 omnes
530 2712 587 2774 has
621 2712 770 2776 codicum
803 2713 833 2776 Α
866 2717 897 2775 31
929 2711 955 2774 L
988 2713 1091 2775 varias
1123 2711 1279 2776 lectiones

150 2817 369 2882 Abrinoensis
382 2815 503 2878 librarii
516 2815 610 2897 culpa
624 2816 670 2877 ita
682 2834 752 2878 3333
765 2820 849 2878 ortas
861 2815 1013 2878 facillime
1026 2815 1231 2898 intellegitur,
1246 2819 1281 2878 31

148 2922 189 2985 31)
203 2917 404 3004 praecedens
414 2917 494 2980 illud
504 2925 684 2982 3333333313
694 2918 773 2981 13133
785 2918 948 2980 iteraverit
959 2922 1133 2982 ornamenti
1142 2924 1174 2981 31
1183 2923 1281 2984 culosi

149 3045 193 3088 ex
212 3043 250 3086 33
270 3020 357 3102 quod
372 3022 406 3082 in
430 3021 604 3104 exemplari
628 3021 733 3084 fuerat
755 3027 853 3086 331331
876 3025 1062 3104 corruptum
1085 3022 1133 3084 311
1163 3020 1280 3096 Quam-

151 3147 253 3210 quam
269 3125 370 3206 igitur
384 3123 438 3187 hic
455 3123 546 3186 13333
566 3123 714 3188 omnihus
732 3123 822 3186 libris
842 3122 1115 3186 consentientibus
1135 3123 1280 3203 traditur,

115 3253 117 3256 ·
146 3237 259 3294 tamen
285 3247 358 3291 oum
382 3225 579 3289 multimodis
602 3228 854 3289 immutaverunt
877 3226 1022 3289 editores,
1057 3225 1280 3306 Schuetnius2)

149 3333 299 3415 quidem,
332 3330 407 3411 quia
437 3330 626 3392 suavitatem
654 3330 689 3391 13
716 3329 777 3392 hoo
807 3347 925 3412 genere
958 3313 1027 3390 3333
1058 3334 1167 3410 postca
1196 3328 1282 3392 dicat

148 3437 267 3500 Cicero
296 3452 358 3496 333
382 3433 462 3496 bene
493 3437 669 3514 opponatur
692 3431 832 3495 suavitas
854 3431 972 3512 nervis,
1001 3433 1037 3493 31
1059 3450 1161 3512 genus
1184 3438 1281 3496 13333

149 3561 214 3604 333
241 3538 379 3622 plurimi
408 3537 570 3621 333331313
600 3554 670 3598 3333
698 3535 732 3596 13
757 3536 775 3616 ἓ
796 3535 836 3596 76
862 3533 994 3614 dicatur,
1024 3534 1071 3597 sio
1101 3535 1136 3596 in
1163 3553 1281 3616 genere

150 3641 261 3706 modio
292 3659 456 3703 33333333
480 3638 524 3702 331
551 3641 724 3719 minimum,
754 3637 946 3723 3339313133)
972 3637 1146 3720 plurimum
1176 3638 1281 3702 inesse

145 3744 368 3760 -„„-.-.-

244 3788 262 3857 ¹)
283 3789 353 3840 Rev.
374 3786 407 3839 de
427 3785 492 3854 phil.
509 3785 541 3855 X,
556 3784 599 3839 78.

241 3874 263 3942 12)
284 3872 334 3925 Ed.
350 3888 374 3924 a.
391 3871 459 3924 1815
478 3874 543 3923 tom.
558 3871 600 3925 lll.
619 3890 681 3942 pag.
696 3871 756 3924 187.

241 3960 262 4028 1)
282 3956 356 4024 Quid
370 3955 405 4009 sit
421 3957 538 4023 3333313
551 3957 695 4025 orationis
714 3957 891 4025 cognoscitur
911 3973 945 4008 ex
965 3959 1038 4010 auat.
1053 3955 1089 4010 ad
1102 3955 1164 4008 Her.
1178 3954 1220 4021 lll,
1235 3954 1281 4008 16:

151 4050 207 4116 Qui
220 4061 278 4098 333
287 4048 406 4112 possum
424 4045 456 4095 13
475 4043 525 4094 1113
540 4043 708 4108 facetissima
721 4041 863 4094 verborum
876 4043 1062 4094 33333311333
1075 4041 1206 4092 33333313
1225 4057 1282 4092 ver-

146 4136 219 4200 sari,
240 4129 405 4183 3331331331
421 4129 535 4178 aridum
552 4135 728 4196 3133333333
744 4144 830 4194 qartus
848 4129 990 4192 orationis,
1010 4128 1081 4196 33331
1094 4142 1149 4178 333
1161 4127 1284 4178 alienum

146 4217 276 4273 33133113
293 4215 449 4278 nominari3
475 4213 520 4266 vel
539 4230 554 4266 e
572 4211 737 4280 Quintiliani
752 4213 817 4266 Inst.
831 4216 901 4266 orat.
915 4212 947 4280 X,
962 4212 1048 4279 2,12;
1068 4212 1138 4281 quod
1157 4211 1234 4276 facit,
1253 4215 1284 4262 ut

150 4308 246 4358 331333
259 4301 411 4367 conquisto
430 4315 461 4350 33
475 4299 928 4354 313133311331333311333313313331
944 4299 1184 4365 3333333113333.
1207 4295 1283 4348 Idem

147 4409 181 4447 ac
201 4388 324 4456 sanquis
342 4383 427 4438 sentit
440 4400 494 4437 vox
508 4400 581 4452 quae
595 4388 637 4439 est
656 4401 751 4438 sucus:
766 4383 823 4438 Cio.
838 4384 872 4438 de
885 4400 924 4436 or.
937 4383 982 4450 lll,
992 4383 1041 4437 96:
1058 4381 1183 4435 Ornatam
1195 4382 1285 4448 icitur
