3240 5252
370 505 412 568 92
663 479 665 484 v
820 510 941 566 Petrus
960 510 1053 578 Rois,
1410 501 1495 588 [252]

367 683 474 745 Vertit
502 682 588 746 enim
612 682 733 746 Tullius
762 701 843 765 quae
873 680 994 745 Graece
1022 686 1098 744 sunt
1125 682 1213 746 τόποι
1242 682 1276 748 ἐξ
1304 682 1409 746 αὐτῶν
1435 687 1496 747 τῶν

367 784 561 882 πραγμάτων
575 789 606 850 et
621 785 711 848 τόποι
723 785 865 865 ἐπίθετοι,
883 784 996 848 eodem
1009 785 1102 848 modo
1115 805 1153 848 ac
1168 785 1203 848 in
1215 784 1264 848 De
1280 784 1496 866 or.l,II‚163:

365 895 422 954 aot
445 909 482 952 aa
504 910 561 952 aaa
583 891 665 954 sumi
686 891 717 952 ri
739 895 829 973 atqua
851 894 968 952 actara
992 895 1048 952 aat
1071 889 1195 952 adram
1217 888 1308 971 foris.

458 1099 476 1175 ξ
498 1096 570 1157 128.
594 1094 872 1176 AnrplificationiS‚
898 1113 992 1176 quam
1013 1093 1127 1158 Graeci
1147 1097 1264 1157 vocant
1282 1093 1417 1175 αὔξηιιν,
1437 1093 1498 1158 duo

367 1202 444 1262 sunt
466 1217 599 1280 genera:
625 1198 732 1275 ἠθικόν
756 1217 794 1260 ac
817 1196 996 1274 παθητικόν.
1030 1195 1118 1272 Quae
1143 1196 1190 1260 sic
1212 1194 1444 1260 describuntur
1465 1198 1499 1260 in

368 1299 517 1364 Oratore:
543 1300 634 1365 Daca
655 1321 704 1366 roo
725 1308 797 1365 suat
819 1304 910 1380 caim,
933 1321 1010 1385 qaae
1033 1299 1104 1364 bene
1123 1306 1273 1365 tractatae
1299 1298 1360 1382 [sic
1384 1301 1423 1381 A,
1440 1301 1499 1364 dac

366 1410 446 1485 sant,
470 1425 546 1489 qaae
569 1404 640 1470 boae
662 1410 795 1468 tractata
811 1402 848 1488 L]
868 1403 907 1468 ab
922 1410 1044 1468 oratore
1063 1403 1278 1468 admirabatem
1298 1403 1497 1487 eloquentum

366 1508 494 1591 faciant.
527 1506 664 1586 Quorum
680 1507 811 1571 alteram
834 1513 877 1570 est
901 1505 955 1588 [eat
971 1505 997 1568 L
1012 1525 1072 1568 om.
1091 1505 1141 1589 Al,
1160 1506 1241 1590 qaod
1261 1506 1376 1570 Gracci
1391 1505 1498 1582 ἠθικόν

367 1617 480 1690 cocant,
504 1610 546 1674 aa
569 1615 700 1674 cataras
724 1609 868 1692 [naturas
887 1607 913 1672 L
937 1615 1085 1674 acturam
1109 1607 1149 1692 A]
1174 1616 1202 1673 at
1224 1609 1269 1672 ad
1291 1629 1391 1673 moras
1412 1615 1441 1672 et
1458 1608 1499 1672 ad

365 1734 484 1778 omnem
508 1715 585 1777 vitae
602 1713 850 1776 consuetudinem
868 1712 1134 1792 aammrnodatnm,
1154 1712 1295 1792 alteram,
1319 1712 1402 1796 quod
1419 1711 1498 1776 aaa

366 1815 536 1893 παθητικόν
553 1818 721 1896 nominarat,
745 1836 804 1901 qao
826 1814 1052 1899 perturbantur
1068 1817 1170 1879 animi
1191 1821 1220 1879 at
1242 1816 1498 1896 concitatarum

367 1917 415 2000 [ia
438 1918 496 1981 Af
518 1920 553 1983 id
576 1918 628 2002 L1]
652 1940 711 2004 qao
734 1940 795 1984 ano
818 1924 928 2004 repaat
951 1921 1057 1982 oratio.

456 2025 507 2086 Ac
529 2023 668 2104 primum
700 2028 808 2085 utrum
833 2023 1042 2086 Abrinccnsis
1071 2043 1112 2086 an
1135 2022 1315 2086 Laudensis
1344 2022 1384 2084 ab
1408 2022 1497 2084 initio

365 2127 507 2207 genuina
539 2127 727 2206 servaverit,
760 2144 959 2207 quaeramus.
997 2124 1186 2188 Schuetzius
1221 2124 1351 2206 quidem
1384 2125 1419 2186 in
1451 2125 1497 2188 ed.
1608 2133 1609 2208 J

367 2248 435 2312 pag.
454 2230 517 2291 203
534 2228 681 2309 Tullium,
706 2248 781 2291 curn
799 2230 862 2290 iam
886 2229 1052 2311 superiore
1077 2229 1180 2311 capite
1204 2228 1268 2291 duo
1292 2229 1496 2308 nominasset,
1608 2301 1609 2312 χ

367 2351 448 2412 quae
470 2330 689 2394 admirabilem
709 2331 852 2394 facerent
873 2331 1096 2412 eloquentiam,
1120 2331 1173 2394 hio
1193 2332 1285 2412 quasi
1309 2323 1349 2394 d'e
1373 2333 1496 2414 integro

366 2434 510 2516 incipere
534 2435 595 2498 dac
617 2441 690 2499 sant
712 2454 777 2497 non
801 2435 943 2516 potuisse
964 2440 1074 2498 censet
1092 2438 1187 2516 atque
1207 2435 1241 2496 in
1261 2433 1398 2497 vocibus
1418 2453 1497 2516 quae

366 2540 443 2599 sunt
465 2538 544 2601 duaa
567 2558 616 2602 ras
638 2544 710 2602 sant
732 2537 831 2600 latere
859 2538 965 2618 potius
989 2538 1171 2619 suspicatur
1194 2538 1256 2601 dac
1279 2544 1406 2601 restant.
1439 2536 1497 2599 Oui

300 2710 302 2714 ,
366 2640 500 2702 fortasse
522 2639 693 2721 crederem,
718 2640 745 2702 si
762 2639 841 2721 quid
858 2639 1048 2704 exhiberent
1070 2639 1151 2720 libri,
1177 2639 1263 2720 quod
1283 2639 1495 2722 corruptelam

366 2762 423 2825 per
451 2761 485 2806 se
513 2743 676 2806 indicaret.
713 2742 803 2818 Quae
831 2747 969 2823 uterque
998 2742 1094 2805 tradit
1123 2763 1197 2806 curn
1224 2761 1283 2824 per
1307 2761 1341 2805 se
1367 2761 1444 2804 sana
1467 2747 1496 2806 et

365 2850 437 2927 apta
453 2845 630 2927 videantur,
654 2847 718 2907 iam
737 2845 776 2908 ab
796 2845 886 2908 initio
912 2846 980 2908 viro
1004 2845 1049 2906 illi
1071 2845 1222 2928 perdocto
1242 2864 1307 2907 non
1332 2846 1494 2908 assentior.

364 2947 501 3011 Accedit
525 2948 619 3028 quod,
650 2949 677 3010 si
701 2947 907 3011 Schuetzium
936 2947 1036 3012 velles
1068 2948 1168 3028 sequi,
1200 2947 1312 3010 Cicero
1344 2947 1399 3010 hic
1422 2949 1494 3011 novi

364 3051 485 3131 aliquid
517 3051 644 3114 adicere
678 3050 851 3130 videretur,
887 3057 958 3114 cum
994 3056 1099 3113 tamen
1132 3056 1168 3113 ut
1200 3049 1281 3131 dixi,
1318 3050 1401 3112 nihil
1433 3051 1494 3113 nisi

364 3153 622 3235 amplificationis
645 3172 763 3235 genera
787 3159 961 3218 enumeret.
995 3152 1246 3216 Diiudicaudurn
1270 3153 1370 3234 igitur
1393 3153 1493 3216 solum
1608 3239 1609 3242 Ἴ

365 3262 420 3336 est,
453 3256 638 3320 codicemne
669 3257 903 3320 Abrincensem
937 3271 978 3319 an
1007 3255 1209 3320 laudensem
1239 3255 1364 3338 probes.
1404 3255 1493 3318 Hanc

366 3358 617 3441 HeerdegeniuS,
647 3361 758 3421 contra
780 3358 964 3422 Fridericus
992 3359 1080 3421 illam
1103 3359 1268 3441 anteponit
1296 3359 1492 3440 scripturam.

364 3461 536 3542 [squidem
555 3481 680 3524 summo
697 3462 766 3524 iure
782 3462 814 3523 in
829 3461 941 3524 Philol.
955 3463 1007 3544 44,
1025 3463 1089 3524 683
1107 3481 1151 3543 sq.
1165 3481 1199 3526 se
1216 3462 1342 3524 nescire
1356 3462 1491 3544 opponit,

364 3564 449 3627 unde
480 3564 534 3628 illa
557 3565 636 3629 duae
659 3587 707 3630 res
810 3571 959 3629 tractatae
989 3565 1053 3626 sint
1077 3570 1158 3646 nata,
1188 3566 1216 3627 si
1240 3565 1371 3628 alteram
1396 3565 1492 3647 scrip-

364 3672 467 3728 turam
499 3687 606 3731 veram
639 3666 770 3748 iudicer,
803 3667 956 3749 perfacile
990 3669 1095 3730 autem
1132 3672 1285 3730 neutrum
1317 3685 1421 3749 genus
1452 3686 1492 3730 ex
1608 3731 1609 3750 χ

364 3769 528 3833 vocabulis
553 3789 635 3850 quae
660 3775 854 3851 sequuntur:
884 3791 1015 3854 qaorum
1038 3771 1170 3834 atteram
1273 3771 1407 3834 altarum
1431 3770 1492 3832 huc
1608 3815 1609 3864 p

363 3891 491 3953 quoque
508 3873 649 3955 irrepere
666 3872 814 3954 potuisse.
839 3875 889 3936 Ac
913 3892 954 3936 ne
979 3873 1040 3936 hoo
1062 3873 1131 3955 ipso
1157 3891 1274 3955 genere
1299 3877 1491 3936 commutato

363 3973 546 4055 offendaris
564 3975 710 4038 conteras
722 3974 770 4038 De
783 3975 838 4038 fin.
850 3975 869 4038 l.
880 3976 921 4057 ll,
936 3977 994 4039 20:
1014 3975 1106 4040 Daaa
1121 3983 1193 4041 suat
1208 3979 1290 4040 caim
1306 3998 1356 4041 ras
1370 3997 1491 4062 qaoque,
1608 3991 1609 4018 ι

362 4098 400 4140 aa
424 4082 458 4140 ta
486 4078 576 4142 verba
598 4079 695 4142 solam
723 4085 817 4162 patos.
860 4078 963 4143 Unam
986 4087 1028 4143 est
1051 4082 1116 4144 stac
1138 4079 1241 4142 dolore
1263 4100 1333 4160 casa,
1362 4081 1490 4144 atteram

362 4201 431 4244 cam
455 4181 612 4264 voluptate.

452 4281 578 4346 Deinde
601 4287 682 4348 actm
706 4283 794 4364 illud,
819 4285 905 4366 quod
922 4285 1018 4348 estin
1036 4286 1073 4365 A,
1099 4286 1257 4348 omittitur
1272 4288 1307 4348 in
1325 4286 1359 4351 L.
1383 4287 1489 4368 ltaque

363 4384 522 4447 editorum
537 4386 591 4447 alii
607 4385 639 4448 id
655 4392 855 4468 receperunt,
880 4388 933 4450 alii
949 4386 1212 4470 repudiaverunt,
1237 4389 1301 4470 alii,
1327 4392 1403 4472 quia
1417 4389 1488 4452 satis
1608 4423 1609 4426 =
