3228 5268
327 443 369 496 De
389 441 515 511 Gregorii
533 441 705 495 Nazianzeni
724 441 899 497 orationibus
917 442 1089 496 funebribus.
1250 439 1268 500 7

122 613 266 696 Gorgias
286 634 367 678 eum
383 614 417 676 in
432 613 527 677 laude
543 612 687 678 Helenae
708 618 843 696 usurpat
864 612 1067 697 eundemque
1083 615 1118 677 in
1136 615 1270 679 Achillis

120 717 355 802 laudatione1)
376 716 593 799 genealogiam
612 716 719 780 herois
737 716 924 799 praebuisse
944 735 986 779 ex
1002 717 1176 780 Aristotele
1199 736 1271 801 per-

121 821 310 903 spiritum).

215 926 336 1007 Atque
367 924 445 986 alias
474 939 602 1004 quoque
630 921 806 983 sententias
836 920 887 983 vel
916 919 1049 1002 τόπους,
1078 926 1115 983 ut
1141 921 1270 986 laudem

121 1027 251 1109 patriae
273 1027 332 1090 vel
355 1026 466 1109 legum
490 1025 636 1106 civitatis
661 1024 845 1106 ‘Euagoras'
867 1043 941 1087 eum
965 1023 1098 1086 Pindari
1122 1025 1270 1108 epinieiis

122 1133 154 1192 et
178 1148 260 1192 curn
288 1127 464 1211 epitaphiis
487 1125 735 1190 Atheniensium
758 1125 898 1209 publicis
922 1145 1109 1190 communes
1132 1126 1269 1208 habet³).

122 1231 341 1314 Quamquam
366 1236 474 1294 autem
498 1229 637 1292 dubitari
661 1249 725 1292 non
749 1233 862 1313 potest,
888 1230 966 1311 quin
987 1228 1144 1293 Isocrates
1168 1229 1270 1292 multa

122 1333 242 1397 debeat
267 1333 378 1416 poetis
401 1331 571 1414 prioribus
601 1345 739 1411 quorum
761 1332 830 1413 ipse
857 1334 999 1395 carmina
1021 1334 1055 1395 in
1080 1333 1269 1414 'Euagorae'

121 1438 297 1520 prooemio
325 1437 601 1516 commemorem),
632 1439 747 1516 tamen,
777 1454 852 1498 cum
880 1436 935 1499 illa
963 1439 1105 1500 carmina
1133 1436 1270 1499 somnam

123 1548 155 1606 et
170 1545 383 1606 structuram
400 1543 598 1604 constantem
615 1545 670 1602 aut
684 1548 786 1603 ratam
801 1539 987 1623 praebuisse
1007 1559 1072 1602 non
1090 1539 1270 1621 videantur,

122 1666 189 1710 non
215 1645 421 1710 crediderim
448 1643 488 1706 ad
513 1642 642 1706 illorum
669 1643 856 1726 exemplum
886 1643 1066 1706 institutam
1094 1661 1163 1705 eam
1199 1661 1269 1706 esse

124 1749 417 1831 compositionem,
446 1764 541 1827 quam
567 1747 601 1808 in
627 1744 793 1827 ‘Euagora'
813 1744 1014 1822 invenimus3
1039 1745 1139 1807 immo
1164 1745 1270 1828 ipsum

122 1852 306 1917 Isocratem
334 1849 574 1933 compositionis
597 1846 684 1910 illius
708 1853 872 1911 auctorem
895 1866 964 1910 esse
982 1846 1104 1909 iudice.

216 1953 286 2018 Sed
316 1953 508 2035 priusquam
536 1949 576 2011 ad
600 1947 800 2030 ‘Euagoram'
825 1953 1040 2030 transeamuS,
1071 1968 1272 2035 quaeramus

124 2056 239 2138 quales
250 2055 382 2120 fuerint
391 2052 599 2133 laudationes,
611 2071 692 2134 quae
703 2057 776 2115 ante
787 2071 862 2115 eum
872 2051 1075 2116 exstiterunt.
1089 2055 1198 2137 Atque
1207 2059 1273 2140 pri-

124 2179 214 2222 mum
229 2159 371 2242 quidem
384 2154 663 2219 commemoranda
675 2159 722 2217 est
732 2153 894 2237 Gorgiae
906 2153 1046 2217 laudatio
1059 2154 1229 2222 Helenae
1238 2161 1271 2244 ⁵),

126 2281 207 2344 quae
229 2264 365 2326 constat
383 2277 401 2322 e
419 2258 515 2320 laude
529 2257 644 2331 γένους
663 2261 695 2320 et
713 2256 858 2337 κάλλους,
883 2257 936 2320 cui
959 2256 1155 2323 Isocrates
1179 2280 1270 2326 suam

124 2365 343 2442 Helenae⁶t
371 2362 588 2426 laudationem
615 2363 772 2445 opposuit,
802 2382 866 2443 qua
893 2360 1041 2425 laudatur
1069 2365 1147 2428 item
1175 2369 1270 2442 γένος

126 2472 156 2530 et
179 2469 320 2546 κάλλος,
352 2483 370 2526 e
395 2483 458 2544 quo
481 2462 621 2528 feminae
645 2465 723 2530 δόξα
746 2469 857 2527 secuta
879 2464 936 2543 sit;
961 2464 1018 2527 sed
1041 2485 1145 2531 novus
1168 2469 1269 2536 τόπος

125 2569 329 2652 adiungitur,
356 2584 453 2650 quem
469 2567 614 2630 rhetores
636 2568 675 2630 τὰ
697 2567 774 2644 μετὰ
789 2568 847 2629 τὸν
864 2567 1003 2630 θάνατον
1020 2575 1137 2632 vocant
1147 2572 1178 2652 ⁷),
1203 2591 1267 2653 quo

124 2673 277 2755 praemia,
305 2690 390 2754 quae
414 2676 486 2754 post
510 2677 645 2735 mortem
663 2670 788 2734 Helena
811 2671 963 2734 adsecuta
986 2674 1042 2752 est,
1067 2678 1266 2738 enarrantur.

215 2884 237 2953 ¹)
257 2883 345 2936 Rhet.
366 2879 402 2932 ΙΙΙ
422 2879 464 2946 17,
485 2878 580 2932 1418ο
592 2879 628 2932 35
641 2877 686 2931 καὶ
704 2878 719 2930 ὃ
740 2879 817 2942 ἔλεγε
837 2876 961 2945 Γοργίας,
986 2879 1029 2932 ὅτι
1049 2880 1100 2944 οὐχ
1118 2880 1268 2936 ὑπολείπει

125 2967 212 3020 αὐτόν
239 2969 256 3020 ό
283 2967 389 3032 λόγος,
412 2964 500 3016 τοῦτό
525 2964 613 3017 ἐςτιν·
639 2962 662 3017 εἰ
685 2965 740 3029 γὰρ
762 2961 887 3027 Ἀχιλλέα
914 2963 998 3032 λέγει,
1023 2965 1121 3031 Πηλέα
1150 2966 1267 3036 ἐπαινεῖ,

126 3051 184 3106 εἶτα
205 3051 327 3118 Αἰακὸν,
354 3047 415 3102 εἶτα
438 3049 490 3100 τὸν
515 3050 581 3102 θεὸν
600 3051 657 3102 κτλ.
689 3048 752 3102 Non
775 3049 917 3103 assentior
934 3049 1061 3103 Vahlcno
1086 3051 1267 3106 contendenti

123 3136 249 3204 (Hermes
266 3137 294 3190 X
312 3135 368 3189 455
379 3133 447 3204 seq.)
465 3134 511 3187 hic
531 3135 689 3202 exemplum
708 3134 803 3187 fictum
823 3137 942 3188 exstare.

211 3223 233 3292 ²)
258 3221 369 3275 Eodem
382 3223 515 3287 tempore,
536 3236 590 3289 quo
603 3218 821 3286 historiographi
834 3219 962 3273 scribunt
974 3220 1162 3288 genealogias,
1180 3220 1268 3274 etiam

122 3309 194 3375 apud
212 3307 382 3362 Pindarum
400 3305 513 3372 saepius
533 3304 714 3373 genealogiae
739 3303 936 3370 inveniuntur;
960 3305 1035 3373 quod
1059 3304 1134 3359 illius
1158 3304 1269 3359 saeculi

121 3395 175 3459 est3
196 3408 275 3448 narn
293 3394 326 3444 ut
344 3389 377 3442 in
395 3389 540 3457 republica
559 3390 682 3458 regenda
701 3389 741 3443 ita
760 3389 789 3442 in
808 3389 934 3443 moribus
953 3392 981 3442 et
994 3389 1024 3442 in
1036 3389 1157 3458 ingeniis
1171 3387 1270 3444 mode·

121 3479 216 3532 randis
236 3481 274 3532 et
294 3473 460 3530 excolendis
478 3475 597 3544 populus
616 3473 772 3528 nobilitatis
790 3474 873 3527 heres
891 3474 991 3527 sactus.

210 3564 231 3634 ³)
261 3561 398 3617 Conferre
429 3559 495 3613 licet
526 3561 601 3629 quod
628 3559 911 3613 Wilamowitzius
940 3558 974 3612 de
999 3560 1099 3612 τόποις
1125 3557 1272 3614 Theocriti

123 3649 249 3703 encomii
270 3647 302 3699 in
321 3645 514 3699 Ptolemaeum
538 3645 668 3713 exposuit
693 3643 723 3696 in
742 3643 972 3712 Textgeschichte
997 3644 1046 3698 der
1070 3641 1273 3712 griechischen

123 3732 278 3788 Bukoliker
300 3731 382 3796 1906,
401 3746 444 3798 pg.
455 3730 515 3784 121.

213 3819 235 3891 ⁴)
257 3818 302 3873 Cf.
323 3832 398 3886 quae
417 3816 560 3884 aptissime
580 3816 694 3886 exponit
712 3816 847 3884 Lippelt
866 3816 1047 3885 quaestiones
1064 3814 1272 3885 biographicae

125 3903 188 3959 diss,
209 3907 305 3960 Bonn.
328 3902 399 3955 1889
418 3904 574 3974 pghseqq.

214 3991 235 4060 ὅ)
255 3987 359 4054 Bran,
379 3986 429 4039 Die
449 3987 567 4041 attische
581 3987 793 4042 Beredsamkeit
810 3988 821 4040 I
841 3989 883 4055 72,
904 3988 980 4042 circa
1000 4006 1106 4043 annum
1118 3987 1176 4041 393
1194 3986 1274 4039 hanc

126 4076 285 4130 orationem
305 4070 434 4126 habitam
453 4089 515 4126 esse
535 4079 622 4143 putat.

214 4157 358 4231 6)Β1αό,
381 4156 555 4225 1.ο.ΙΙ244;
580 4159 733 4214 verisimile
758 4163 801 4212 est
825 4160 898 4213 hanc
923 4161 1079 4215 orationem
1104 4156 1276 4212 confectam

127 4260 186 4298 esse
206 4245 295 4315 paulo
315 4245 381 4312 post
400 4240 518 4311 Gorgiae
538 4246 664 4300 eiusdem
683 4242 806 4297 nominis
826 4245 1026 4300 laudationem.

214 4331 236 4401 ἵ)
257 4329 300 4385 cf.
323 4327 482 4396 Hermog,
502 4328 632 4400 Spengel,
653 4329 722 4382 rhet.
737 4344 828 4396 graec.
843 4328 922 4384 1111.
