3270 5250
152 507 242 595 [287]
443 512 444 515 ’
480 517 519 570 De
538 517 782 573 Pseudo-Luciam
800 519 957 576 Amoribus
1245 520 1287 581 25

152 693 218 753 θοῐε
230 690 361 767 πρόειτε
375 688 444 766 μήτ’
461 687 589 766 ὀλίγη(
606 690 746 767 χρήεεαιε
760 693 879 755 εἵνεκεν
891 694 948 770 τὴν
965 694 1107 770 μακρὰν
1124 694 1288 771 ἐκχέοντες

151 793 278 858 εὔνοιαν
299 793 374 871 ἀχρὶ
393 797 449 869 τῆς
467 792 566 869 ἀκμῆς
584 794 703 857 πλαστὰ
719 795 757 857 τὰ
775 799 833 857 τοῦ
854 799 955 874 φιλεῖν
971 797 1185 875 προβάλλεεθε
1199 800 1286 878 πάθη

150 901 210 960 κτλ.
227 933 270 942 -
287 894 510 960 Callicratidas
529 900 653 977 spectat
671 894 790 975 ἄρρενα
806 896 919 978 ἔρωτα,
936 899 1045 978 utqui
1061 897 1160 975 advoc
1176 902 1286 966 κοινὸν

148 1000 261 1077 ἀρετή(
285 1001 336 1062 καὶ
359 1000 478 1076 ἡοονῆε
506 999 547 1060 sit
575 998 670 1077 ἔργον
694 999 746 1080 (31
772 1019 800 1080 ρ.
814 999 910 1079 431);
941 1000 1030 1081 cupit
1053 1000 1139 1062 enim
1162 1001 1293 1079 ἡδονὴν

148 1106 254 1183 ἀρετῆι
274 1103 464 1183 μεμιγμένην
483 1105 535 1186 (37
554 1123 583 1186 p.
594 1104 680 1184 438).
712 1102 805 1178 Quod
825 1103 1023 1186 Epicureum
1045 1122 1115 1167 esse
1138 1108 1286 1170 statuerit

148 1208 317 1291 quispiam.
342 1205 465 1268 Verum
483 1205 637 1269 habemus
658 1204 838 1270 Stoicorum
860 1210 892 1268 et
906 1205 1140 1289 Epicureorum
1163 1208 1222 1270 hac
1244 1209 1284 1273 dc

147 1314 339 1395 quaestione
369 1311 543 1374 certamina
554 1312 591 1390 ¹);
611 1310 651 1373 iis
668 1310 797 1391 quidem
815 1311 936 1388 ἡδονήν
953 1314 985 1376 et
1001 1312 1113 1390 ἀρετάς
1129 1315 1284 1399 coniungi

145 1437 211 1480 nou
236 1433 331 1499 posse
355 1413 510 1494 sequitur.
545 1411 660 1494 Neque
685 1413 745 1476 hoc
763 1413 863 1477 attere
883 1412 960 1478 licet
977 1415 1037 1497 (Us
1057 1416 1120 1478 506
1142 1436 1170 1499 p.
1188 1420 1282 1501 313):

146 1519 181 1582 ‘0
207 1517 237 1580 δ’
254 1516 443 1591 Ἐπίκουρος
470 1517 518 1577 καὶ
546 1514 723 1593 ἀχώριστόν
752 1536 825 1594 φηει
854 1520 909 1593 τῆ(
937 1519 1060 1596 ἡδονῆς
1087 1520 1145 1595 τήν
1169 1521 1286 1600 ἀρετὴν

145 1623 258 1703 μόνην,
274 1623 315 1684 τὰ
332 1619 361 1682 δ’
375 1617 453 1681 ἄλλα
470 1619 653 1697 χωρίζεεθαι
669 1618 737 1682 οἷον
755 1621 870 1701 βρωτά,
888 1622 1042 1702 quoniam
1058 1623 1150 1687 ἕνεκα
1166 1625 1286 1704 ἡδονή(

144 1727 351 1803 παρελθοῡεα
380 1723 398 1799 ἡ
427 1721 521 1800 ἀρετὴ
545 1719 671 1805 Ιὴοονήν
701 1723 880 1802 ἐνεποίηεεν
909 1725 968 1806 (Us
993 1726 1057 1788 509
1086 1745 1114 1808 p.
1136 1729 1221 1810 314),
1251 1737 1287 1794 ut

144 1829 246 1905 ἡδονή
270 1826 359 1889 idem
382 1825 425 1887 sit
443 1829 539 1906 atque
559 1825 678 1903 virtus3
702 1827 738 1888 in
761 1826 962 1909 voluptate
986 1829 1073 1891 enim
1092 1828 1287 1912 Epicurea

143 1932 325 1995 inhaeret
348 1928 486 2008 virtus,
521 1927 555 1990 in
578 1929 698 1992 virtute
722 1929 877 2012 volupiae,
902 1937 938 1994 ut
961 1931 1119 2014 ‘voluptas
1143 1940 1285 2018 separari

143 2056 162 2098 a
178 2037 300 2098 virtute
319 2052 385 2095 non
400 2032 510 2114 possit'
530 2031 588 2113 (Us
602 2033 665 2094 506
682 2035 793 2113 port,
810 2035 850 2113 5).
874 2033 988 2116 Neque
1005 2035 1105 2116 igitur
1122 2039 1214 2112 μἐῑξιε
1231 2041 1284 2103 vel

62 2137 66 2143 ’
143 2138 296 2201 κοινωνία
317 2135 429 2212 ἀρετῆς
445 2135 494 2196 καὶ
513 2133 631 2210 ἡδονή(
647 2135 680 2196 in
700 2153 833 2198 censum
852 2137 994 2217 veniunt,
1012 2157 1086 2200 cum
1104 2139 1190 2219 apud
1206 2139 1283 2223 Epi-

143 2260 261 2304 curum
277 2257 345 2301 non
362 2235 539 2312 dualistice,
557 2239 596 2299 ut
609 2237 727 2301 nostris
743 2243 815 2301 utar
830 2238 1024 2320 notionibus,
1040 2238 1096 2302 sed
1114 2242 1282 2307 monistice

141 2343 246 2406 virtus
278 2360 356 2404 cum
383 2338 546 2421 voluptate
578 2343 830 2422 componatur2).
862 2340 977 2422 Neque
1004 2341 1182 2422 Epicureos
1210 2363 1282 2425 per-

140 2451 298 2510 tractasse
327 2442 492 2506 notionem
519 2442 691 2525 voluptatis
719 2448 756 2506 ut
778 2443 901 2506 Stoicos
931 2444 1056 2505 virtutis
1086 2445 1118 2505 et
1147 2448 1281 2512 naturae

139 2549 271 2630 ignor03
309 2544 366 2609 sed
400 2545 461 2606 iam
493 2545 547 2608 diu
585 2546 644 2609 hae
677 2547 825 2610 notiones
857 2551 920 2609 tam
950 2547 1078 2629 penitus
1111 2554 1280 2631 perceptae

142 2657 233 2715 erant
254 2651 294 2714 ab
314 2648 508 2730 hominibus,
528 2654 563 2711 ut
581 2651 693 2712 aetatis
712 2651 934 2733 imperatoriae
953 2649 1097 2712 rhetores
1121 2649 1161 2711 ad
1185 2669 1280 2714 suum

141 2756 283 2836 quisque
311 2751 479 2814 arbitrium
507 2752 546 2814 iis
576 2757 742 2816 uterentur
769 2752 867 2834 idque
895 2751 1095 2834 potissimum
1119 2753 1151 2814 in
1181 2753 1278 2817 huius

140 2857 271 2940 generis
285 2855 392 2934 λόγωι,
404 2853 460 2934 qui
472 2859 595 2937 spectet
608 2856 816 2933 ψυχαγωγίαν
829 2854 980 2931 ἐρωτικήν
991 2856 1021 2935 ³).
1039 2852 1141 2928 Quam
1157 2855 1278 2918 obrem

138 2979 204 3023 non
230 2959 362 3038 mirum,
382 2955 469 3037 quod
487 2956 631 3020 Achilles
649 2957 758 3020 Tatius
777 2963 1002 3040 argumentum
1023 2975 1126 3038 aeque
1146 2962 1241 3039 atque
1261 2979 1280 3021 a

139 3061 292 3126 Charicle
311 3063 420 3122 nostro
439 3060 501 3121 iam
522 3058 560 3121 ab
578 3058 727 3139 Ovidi04)
746 3063 915 3122 tractatum
930 3061 976 3122 ita
994 3057 1146 3139 adhibuit,
1167 3064 1204 3122 ut
1219 3061 1278 3123 im-

235 3220 256 3288 ¹)
274 3218 352 3286 Diog.
373 3216 440 3271 Oen.
460 3219 548 3288 eosq.
569 3235 595 3286 p.
609 3218 670 3272 415.
696 3249 729 3256 -
756 3218 798 3272 Ad
824 3221 951 3273 nostrum
983 3219 1077 3273 locum
1102 3219 1179 3275 valet
1206 3220 1276 3275 Plat.

137 3306 250 3362 Phileb.
270 3304 305 3358 61
315 3304 340 3357 b.

224 3389 256 3458 a)
275 3388 363 3442 Aliter
389 3386 564 3456 Chrysippus
590 3393 785 3455 argumentum
811 3389 944 3442 tractavit
967 3388 1083 3457 (Arnim.
1102 3389 1137 3442 Ill
1154 3391 1189 3442 22
1206 3406 1232 3457 p.
1246 3389 1276 3452 83

136 3477 170 3529 cf.
192 3474 297 3546 Dyroff
308 3473 367 3540 62);
393 3472 442 3526 ‘lta
462 3476 619 3527 ceterorum
638 3473 785 3528 sententiis
805 3473 921 3528 semotis
940 3474 1114 3544 relinquitur,
1133 3491 1191 3529 non
1208 3472 1276 3528 mihi

135 3577 200 3614 cum
221 3559 378 3627 Torquato,
398 3557 449 3611 sed
467 3557 564 3611 virtuti
584 3573 648 3611 cum
667 3559 813 3626 voluptate
834 3559 960 3614 certatio
981 3561 1071 3628 Quam
1091 3559 1203 3629 quidem
1217 3575 1277 3614 cer·

135 3647 279 3700 lationem
298 3643 384 3695 homo
404 3645 432 3695 et
451 3645 551 3697 acutus
571 3647 598 3696 et
618 3643 745 3711 diligens,
767 3644 948 3713 Chrysippus
969 3662 1026 3699 non
1044 3645 1215 3710 contemnit;
1235 3648 1277 3696 to-

136 3733 255 3799 tumque
277 3726 430 3781 discrimen
448 3727 550 3781 summi
569 3727 636 3781 boni
655 3728 685 3780 in
705 3745 802 3782 earum
817 3730 1028 3797 comparatione
1042 3730 1165 3798 positum
1177 3726 1275 3797 putat’.

136 3819 200 3886 Qua
220 3819 257 3872 de
279 3830 366 3869 causa
384 3830 447 3883 pap.
467 3816 577 3870 Hercul.
597 3815 671 3869 ined.
691 3815 744 3868 999
763 3816 812 3884 trg.
827 3817 844 3869 9
862 3815 991 3886 (Crbnert
1010 3818 1052 3884 61,
1063 3817 1111 3886 aaa)
1123 3814 1276 3884 suffimen

135 3906 190 3972 τῂν
217 3901 331 3968 ἡδονήν
356 3901 554 3968 λαμβανουειν]
580 3900 714 3970 εῠ[ήθ]ῳε
738 3903 827 3967 αὐτὴν
852 3902 1023 3971 ἐ[κ]θέμενοι
1046 3905 1101 3956 κτλ.
1127 3904 1163 3958 ad
1188 3901 1277 3967 Chry·

136 3989 252 4057 sippum
272 3987 318 4040 vel
338 3984 525 4054 Chrysippeos
545 4002 603 4039 non
622 3987 763 4054 pertinere
783 3987 911 4042 arbitror.

230 4073 253 4142 ³)
272 4069 390 4124 Achillis
410 4069 472 4124 Tali
491 4087 573 4140 quem
593 4072 687 4125 statim
707 4072 829 4126 laudabo
849 4073 944 4129 verbis
962 4075 1045 4143 (Erot.
1057 4073 1101 4128 Gr.
1113 4073 1135 4126 ll
1148 4074 1184 4127 35
1196 4089 1222 4140 p.
1232 4069 1277 4133 53,

135 4159 172 4212 50
182 4175 225 4226 sq.
239 4154 380 4223 Hirschig)
397 4159 473 4221 utor;
494 4157 526 4210 os.
542 4171 628 4210 amor.
643 4158 678 4210 53
697 4172 723 4224 p.
736 4157 798 4210 455.

231 4241 253 4311 ⁴)
271 4242 312 4294 De
332 4243 383 4293 art.
404 4245 489 4295 amat.
509 4242 532 4295 ll
550 4242 604 4295 683
615 4258 654 4310 sq.

358 4323 410 4378 Odi
430 4327 596 4381 concubitus
617 4327 664 4395 qui
683 4341 741 4380 non
759 4332 908 4397 utrumque
928 4331 1084 4385 resolvunt.

357 4410 411 4464 hoc
431 4415 473 4465 est
493 4428 542 4466 cur
561 4411 638 4480 pueri
661 4416 760 4482 tangar
780 4429 877 4470 amore
896 4415 999 4469 minus.
