3240 5252
344 548 385 610 62
786 554 906 608 Petrus
925 553 1016 621 aeis,
1379 542 1461 630 [222]

341 725 454 790 Italiae
469 726 534 789 luae
548 727 730 812 eoquosoeris
749 728 937 810 versarisque
953 728 987 790 iu
1010 727 1195 810 optimorum
1211 727 1325 789 tioium
1340 725 1382 789 oei
1394 723 1464 806 tiore

342 829 386 892 rel
408 827 521 892 robore.

432 1035 522 1115 544.
556 1033 668 1098 Cicero
693 1038 816 1097 censet:
842 1033 924 1097 Nam
953 1039 982 1097 et
1008 1035 1145 1097 iuoeuire
1172 1039 1201 1096 et
1228 1032 1369 1095 iudicare
1395 1032 1465 1116 quid

341 1137 426 1202 dicas
448 1158 563 1222 maqaa
585 1137 640 1200 iila
659 1137 780 1222 quidem
799 1144 871 1200 suut
893 1143 921 1200 et
939 1143 1096 1221 tamquam
1114 1137 1215 1199 auimi
1233 1138 1336 1198 iustar
1353 1137 1387 1198 iu
1404 1155 1464 1198 eor-

335 1259 420 1323 pora
436 1240 489 1303 sed
498 1242 632 1324 propria
646 1242 745 1324 moqis
755 1240 942 1324 prudentiae
957 1260 1050 1324 quam
1064 1239 1258 1324 eloquentiae.
1282 1237 1350 1318 Quo
1369 1244 1465 1301 tamea

341 1344 376 1405 iu
398 1362 491 1406 oauso
513 1347 557 1406 est
579 1363 674 1406 uacuo
692 1342 886 1425 prudentia?

431 1443 595 1507 Postrema
606 1444 686 1507 haee
698 1444 805 1525 aliqua
817 1443 1039 1507 emendatione
1053 1460 1146 1524 egere
1158 1443 1365 1505 manifestum
1381 1443 1465 1523 eso),

341 1545 398 1610 sed
422 1566 480 1611 eur
498 1545 691 1610 Lambinnm
714 1547 817 1611 secuti
838 1545 964 1628 Kayser
988 1545 1284 1626 etHeerdegenins
1309 1562 1347 1606 ea
1369 1543 1466 1606 seelu-

341 1649 461 1730 derent,
487 1669 583 1730 quam
606 1650 776 1712 habuerint
799 1668 937 1729 oausam,
960 1667 1090 1731 prorsus
1114 1666 1164 1710 me
1187 1648 1336 1730 ignorare
1360 1645 1466 1708 fateor.

341 1751 423 1815 Cum
439 1751 580 1834 Stanglio
593 1754 616 1834 Ι)
639 1771 733 1834 porro
749 1774 825 1838 quae
843 1757 917 1815 ante
936 1773 997 1836 qua
1018 1749 1057 1813 ob
1073 1757 1184 1830 tamea,
1209 1748 1294 1830 qnod
1315 1747 1466 1830 sequitur,

340 1856 502 1937 interponi
513 1875 576 1917 non
588 1874 681 1939 posse
690 1856 754 1918 iarn
767 1854 806 1918 ab
819 1855 889 1918 aliis
899 1853 1156 1917 animadversum
1168 1857 1217 1916 est
1227 1853 1258 1933 ⁸).
1275 1850 1346 1914 Nee
1358 1869 1467 1914 verum

340 1954 476 2021 arbitror
499 1976 637 2039 sensum,
662 1977 759 2039 quem
782 1957 892 2020 intulit
911 1956 1093 2038 Madvigius
1115 1955 1150 2017 in
1174 1953 1243 2017 adr.
1264 1953 1332 2017 erit.
1353 1952 1409 2034 III,
1427 1953 1465 2016 96

340 2059 509 2123 scribenda
532 2060 689 2124 offerens:
715 2061 799 2140 Quae
822 2067 924 2125 tamea
949 2063 1076 2124 iuoauta
1098 2064 1153 2138 est,
1177 2053 1254 2125 <si>
1277 2077 1374 2120 aaaua
1391 2077 1466 2140 pra

340 2164 452 2227 deutia.
470 2161 534 2226 Sed
542 2164 663 2227 rectius
676 2163 898 2246 suspicabatur
906 2161 1124 2225 Baehrensius
1133 2162 1173 2243 4):
1188 2158 1286 2235 ‘Quas
1296 2177 1348 2222 res
1360 2157 1466 2222 Cicero

340 2265 545 2348 primoribuS,
575 2270 611 2328 ut
637 2267 740 2347 aiunt,
769 2265 877 2348 digitis
905 2266 1018 2346 tangit,
1048 2262 1174 2327 easdem
1202 2268 1310 2325 tamen
1337 2261 1466 2324 minime

340 2367 554 2450 neglegendas
570 2387 640 2432 esse
652 2368 839 2432 brevissime
856 2367 1022 2430 admonet:
1041 2365 1198 2448 quidquid
1212 2366 1248 2426 in
1264 2364 1333 2427 foro
1350 2369 1467 2446 agatur,

340 2489 405 2532 non
427 2471 528 2532 careri
551 2489 644 2552 posse
663 2470 834 2552 prudentia
857 2472 905 2552 (ut
924 2469 1062 2550 omnine,
1082 2469 1126 2530 ita
1151 2486 1196 2548 ea,
1221 2485 1304 2548 quam
1328 2466 1364 2528 in
1381 2472 1467 2530 reate

339 2571 534 2636 inveniendo
558 2571 794 2654 iudicandoque
819 2571 998 2653 cernatur)'.
1029 2570 1102 2654 Ipse
1126 2589 1315 2654 superuacua
1343 2568 1466 2631 restitui

339 2673 436 2737 iubet.
460 2673 620 2755 Equidem
639 2675 782 2737 nativum
806 2675 907 2738 habeo
931 2696 1019 2755 naua,
1043 2677 1080 2736 ut
1098 2671 1248 2736 evadant:
1276 2671 1345 2750 Qua
1369 2677 1466 2735 tamea

280 2795 284 2803 ’
337 2778 371 2840 iu
395 2797 488 2840 eausa
510 2784 553 2840 est
575 2798 669 2841 naua
687 2778 881 2861 prudentia?

427 2969 445 3049 ξ
465 2969 525 3031 47:
550 2967 772 3031 Parenthesim
787 2969 899 3032 inserit
914 2967 1037 3031 Tullius
1057 2968 1155 3031 hane:
1178 2965 1250 3030 Nou
1269 2967 1351 3030 euim
1371 2964 1464 3029 decio-

336 3078 483 3135 maiorem
498 3070 630 3156 aiiquem
650 3072 687 3135 de
707 3072 779 3135 ludo
799 3079 854 3136 aut
874 3072 1017 3136 rabulam
1036 3071 1072 3134 de
1092 3069 1170 3152 foro,
1189 3069 1242 3132 sed
1262 3069 1465 3132 doctissimum

336 3181 364 3238 et
381 3172 642 3259 perfectissimum
665 3177 848 3258 quaerimus.

428 3273 529 3350 Quem
550 3275 674 3356 quaerit
694 3276 913 3340 doctissimum
934 3280 966 3339 et
980 3273 1274 3359 perfectissimum?
1300 3270 1465 3335 Oratorem

335 3377 495 3440 videlieet.
524 3377 587 3440 Sed
611 3398 804 3459 quamquam
829 3381 934 3442 etate
959 3378 1130 3441 verborum
1153 3393 1305 3439 connexu
1330 3373 1464 3437 dubitari

336 3499 401 3543 non
424 3484 537 3562 potest,
567 3481 645 3561 quin
675 3479 714 3544 de
744 3485 868 3544 oratore
897 3481 1028 3562 dicatur,
1053 3482 1160 3543 tamen
1188 3479 1322 3541 oratoris
1350 3495 1464 3540 nomen

336 3582 503 3646 diffieilins
519 3582 710 3646 subauditur
724 3584 832 3665 itaque
848 3603 920 3647 mea
936 3582 1066 3665 quidem
1084 3580 1243 3645 sententia
1257 3579 1464 3643 inserendum

337 3691 399 3749 est:
424 3686 476 3749 sed
499 3683 700 3751 <oratorem>
723 3688 928 3752 doctissimum
952 3693 980 3751 et
999 3685 1257 3770 perfectissimum
1281 3685 1463 3768 quaerimus.

336 3789 381 3851 At
399 3789 574 3852 sescenties
596 3788 677 3851 iilud
699 3809 816 3853 nomen
836 3790 1027 3872 cogitatione
1046 3784 1281 3850 adsumendum
1306 3790 1354 3848 est
1377 3790 1409 3848 et
1430 3783 1463 3845 in

338 3888 468 3953 Oratore
489 3892 526 3953 'et
548 3891 582 3952 in
605 3889 653 3954 De
672 3898 795 3955 oratore
815 3892 913 3956 libris.
945 3891 1135 3974 Saepissime
1158 3887 1192 3950 id
1215 3887 1290 3950 fieri
1315 3885 1461 3966 concedo,

429 4034 449 4103 ¹)
468 4033 643 4104 Quamquam
662 4035 807 4090 Wilkinsia
827 4036 1012 4090 offensionem
1030 4050 1088 4088 non
1106 4034 1235 4086 afferunt.

427 4119 448 4186 ¹)
467 4119 557 4188 Prope
570 4120 606 4175 ad
616 4120 837 4174 Melanehthonii
847 4119 965 4192 <quae>
974 4127 1065 4172 tamen
1075 4136 1129 4187 qua
1139 4121 1170 4169 iu
1179 4133 1264 4169 eausa
1277 4116 1350 4170 haec
1363 4115 1460 4179 edidis

335 4203 395 4272 ipse
409 4203 439 4257 in
451 4205 492 4258 W.
505 4205 524 4258 f.
538 4206 574 4260 kl.
587 4207 636 4260 Ph.
650 4207 669 4276 Ι,
683 4207 735 4261 652
750 4206 886 4260 maiorem
899 4207 957 4260 vim
970 4206 1048 4260 libris
1063 4203 1191 4259 afficiens
1205 4200 1382 4255 coniecerat:
1395 4215 1461 4268 qaae

335 4295 426 4341 tamea
444 4306 528 4342 carisa
547 4297 585 4343 est
603 4308 689 4343 oaaua
704 4293 877 4358 prudeutia‘?

426 4373 447 4440 ³)
465 4374 509 4427 Zs.
523 4374 541 4428 f.
556 4379 580 4428 ὃ.
595 4374 692 4442 Gymn.
708 4376 751 4442 37,
765 4376 829 4442 510;
850 4376 928 4430 Bure.
943 4391 1008 4430 ann.
1021 4374 1064 4440 84,
1077 4372 1138 4428 354.

426 4458 448 4526 ⁴)
466 4459 535 4511 Rev.
556 4457 590 4512 de
609 4459 675 4527 phil.
695 4461 727 4529 X,
741 4461 783 4514 78.
