3228 5268
358 499 400 562 32
800 506 910 560 Xaver
928 504 1046 573 Hilrth,

448 677 606 754 Quoniam
625 681 734 741 autem
752 677 828 740 satis
849 677 978 759 copiose
997 675 1037 740 de
1055 674 1275 739 laudationum
1291 675 1489 739 Graecarum

357 781 588 863 compositione
604 781 794 862 illarumque
810 781 921 844 τόποι(
937 779 1156 860 disseruimus
1172 777 1213 842 ad
1228 777 1380 862 Gregorii
1397 778 1488 843 Nazi-

356 885 470 946 anzeni
493 884 652 948 orationes
675 883 827 947 funebres
851 887 1059 946 transeamus.

789 1103 880 1158 PARS
899 1103 1046 1157 ALTERA.

354 1223 412 1288 Du
433 1221 639 1288 GREGORH
662 1221 925 1287 NAZIANZENI
951 1219 1206 1286 ORATIONUM
1227 1219 1486 1287 FUNEBRIUM

761 1323 1084 1390 GOMPOSITIONE.

428 1447 471 1510 -Ε
500 1446 709 1530 quadraginta
740 1448 884 1530 quinque
916 1446 1062 1528 Gregorii
1092 1445 1299 1527 orationibus
1332 1465 1417 1527 quae
1447 1446 1486 1510 ad

354 1556 495 1614 nostram
523 1554 659 1614 aetatem
681 1555 905 1633 pervenerunt,
936 1550 1045 1630 generi
1068 1546 1230 1610 laudative
1255 1545 1485 1613 adscribendae

353 1656 430 1715 sunt
442 1651 502 1716 hae
514 1656 599 1716 ecte:
618 1652 717 1715 oratio
730 1651 765 1714 in
776 1652 905 1717 laudem
926 1655 953 1715 1.
969 1651 1246 1733 Machabaeorum,
1264 1652 1292 1714 2.
1306 1652 1485 1734 Athanasii,

353 1758 382 1819 3.
400 1755 560 1838 Cypriani,
584 1755 770 1820 alimonis
793 1756 983 1839 philosophi,
1009 1757 1037 1818 5.
1055 1754 1193 1819 Caesarii
1217 1754 1333 1836 fratris
1360 1755 1389 1817 6.
1407 1755 1485 1819 Ger-

351 1860 466 1942 geniae
490 1861 616 1942 sororis,
643 1863 670 1923 7.
688 1859 836 1944 Gregorii
860 1862 967 1943 patrie,
993 1863 1021 1924 8.
1042 1859 1154 1923 Basilii
1178 1857 1302 1941 Magni,
1328 1859 1484 1940 equibus

352 1967 503 2043 quattuor
525 1964 649 2045 priores
672 1962 712 2026 ad
736 1963 956 2045 quaestionem
979 1973 1119 2026 nestram
1142 1983 1208 2027 non
1231 1963 1404 2046 pertinent,
1429 1961 1484 2025 sed

350 2066 462 2148 generi
479 2069 622 2143 καθαροῦ
648 2065 812 2148 ἐγκωμίου,
838 2066 923 2148 quod
943 2071 1037 2129 vocat
1052 2064 1235 2147 Menander,
1259 2062 1484 2128 attribuendae

351 2168 437 2229 sunt.
463 2165 620 2243 Quattuor
635 2185 711 2230 vero
724 2169 896 2249 sequentes
913 2165 1068 2246 ἐπιτάφιοι
1084 2169 1118 2230 in
1135 2167 1301 2232 codicibus
1317 2171 1482 2230 vocantur.

351 2268 415 2333 Sed
444 2269 663 2351 quaerendum
694 2275 749 2352 est,
777 2274 886 2332 utrum
909 2289 1020 2332 omnes
1044 2270 1078 2332 hi
1102 2271 1256 2351 ἐπιτάφιοι
1282 2269 1482 2333 laudationes

349 2373 505 2436 funebres
535 2373 600 2436 sint
624 2392 735 2436 necne.
770 2373 852 2436 Nam
877 2373 963 2436 haud
989 2393 1061 2437 raro
1090 2372 1255 2452 ἐπιταφίου
1278 2390 1398 2434 nemen
1428 2390 1483 2435 eae

351 2497 481 2559 queque
506 2478 664 2540 orationes
688 2475 789 2538 titulis
814 2474 981 2556 exhibent,
1007 2494 1089 2556 quae
1112 2495 1179 2537 nen
1202 2476 1271 2558 ipse
1296 2474 1348 2538 die
1371 2474 1482 2537 mertis

349 2581 403 2644 vel
430 2580 567 2662 funeris,
599 2580 656 2644 sed
689 2581 722 2642 in
752 2579 940 2641 memoriam
971 2578 1150 2660 bominum,
1187 2577 1243 2659 qui
1272 2577 1337 2640 iam
1371 2577 1481 2641 multis

349 2683 442 2747 aunis
472 2682 523 2746 vel
557 2683 693 2746 saeculis
724 2686 798 2748 ante
832 2684 969 2766 fuerant,
1001 2685 1128 2748 habitae
1158 2689 1241 2765 sunt,
1271 2687 1308 2744 ut
1339 2681 1482 2746 Gherieii

350 2785 513 2865 ἐπιτάφιος
546 2784 595 2847 ἐπὶ
625 2786 732 2867 Mepiq
741 2787 773 2867 ¹).
809 2786 875 2849 Nos
907 2789 1014 2850 autem
1050 2788 1209 2851 orationes
1241 2785 1397 2848 funebres
1429 2803 1480 2848 eas

349 2887 432 2951 soles
461 2886 660 2951 laudationes
683 2907 843 2971 uocemue,
869 2909 951 2970 quae
975 2890 1026 2953 die
1049 2889 1174 2954 funeris
1197 2891 1266 2972 ipso
1290 2887 1344 2951 vel
1368 2889 1480 2971 paucis

350 2989 463 3053 diebus
485 2991 557 3072 post
581 2989 684 3053 dietae
709 2997 793 3055 sunt.

427 3095 621 3178 Priusquam
631 3098 730 3180 igitur
739 3095 778 3160 ad
787 3097 873 3179 ipsas
884 3098 1044 3160 orationes
1052 3094 1268 3179 explanandas
1279 3093 1479 3175 accedamus

349 3197 388 3262 de
405 3199 540 3282 singulis
560 3200 818 3283 investigandum
839 3200 911 3282 erit,
936 3219 999 3283 que
1018 3204 1160 3282 tempore
1178 3204 1211 3263 et
1231 3217 1294 3280 qua
1310 3196 1479 3260 occasione

349 3336 376 3387 et
390 3333 608 3400 compositiones
627 3333 720 3386 factae
735 3335 835 3386 auctae
849 3335 973 3386 mutatae
987 3332 1051 3401 sint,
1071 3347 1155 3401 quam
1169 3347 1204 3385 ex
1218 3329 1396 3384 orationibus
1409 3328 1478 3394 illis;

348 3417 470 3472 etenim
490 3434 524 3471 ea
545 3417 626 3472 istius
650 3417 753 3471 aetatis
776 3417 934 3472 litterarum
958 3417 1087 3471 condicio
1111 3420 1162 3485 est,
1186 3420 1217 3469 ut
1240 3415 1385 3469 orationes
1410 3415 1479 3469 artis

347 3502 506 3571 praeceptis
525 3501 706 3569 illustremus²
725 3517 783 3555 non
803 3505 878 3556 artes
898 3519 933 3555 ex
952 3500 1127 3555 orationibus
1144 3501 1313 3569 refingamus
1326 3501 1372 3553 vel
1386 3516 1479 3554 resus-

348 3587 473 3641 citemus
502 3587 599 3657 Neque
619 3587 730 3655 respexi
749 3585 906 3655 epitaphios
925 3588 1010 3642 medii
1029 3586 1102 3654 aevi,
1127 3602 1190 3640 cum
1214 3583 1250 3638 ad
1271 3588 1400 3638 nostram
1419 3599 1478 3637 rem

348 3689 397 3727 eos
416 3689 473 3725 nen
492 3673 632 3741 pertinere
652 3676 788 3741 putarem.
810 3672 968 3726 Nonnullos
986 3671 1062 3726 illius
1076 3671 1177 3725 aetatis
1190 3667 1348 3738 epitaphios
1368 3668 1478 3723 Bauer

347 3758 401 3827 (die
415 3757 584 3812 Trestreden
602 3757 652 3811 des
671 3757 784 3826 Gregor.
798 3775 824 3811 v.
838 3757 931 3826 Nyssa
949 3775 992 3827 pg.
1005 3757 1047 3827 13)
1069 3751 1307 3819 commemoravit,
1328 3753 1477 3808 Draseke

347 3842 581 3911 (Wochenschrill
603 3843 648 3897 fiir
672 3842 827 3896 klassische
851 3843 1004 3912 Philolegie
1029 3841 1098 3896 1892
1122 3856 1165 3908 pg.
1178 3839 1247 3892 1176
1262 3839 1350 3908 seqq.)
1373 3840 1476 3892 multas

347 3926 462 3981 addidit.
482 3926 522 3980 Cf.
538 3927 623 3980 etiam
636 3926 667 3980 K.
682 3926 870 3980 Praechler
888 3927 1004 3982 Antikes
1017 3927 1047 3980 in
1060 3927 1109 3980 der
1123 3923 1264 3979 Grabrede
1278 3923 1328 3977 des
1342 3923 1476 3993 Georgios

345 4011 524 4080 Akropolites
548 4011 598 4064 auf
619 4010 764 4064 lohannes
786 4010 881 4064 Dukas
904 4011 934 4065 in
957 4012 1072 4080 Byzant.
1086 4009 1220 4063 Zeitschr.
1239 4007 1394 4062 volXIV3
1414 4008 1477 4063 eid

348 4095 439 4164 (1905)
467 4110 509 4162 pg.
529 4095 582 4148 479
606 4110 682 4162 seqq.
714 4093 957 4163 Westermanu‚
978 4093 1164 4162 Quaestiones
1193 4093 1428 4148 Demosthenicae
1454 4093 1476 4147 ΙΙ

346 4197 389 4249 pg.
403 4181 446 4235 47.
478 4178 671 4245 Fabricius,
695 4177 762 4230 bibl.
780 4194 882 4246 graeca
898 4180 923 4232 X
946 4195 989 4247 pg.
1004 4178 1064 4232 187.
1092 4178 1244 4246 Vollmer,
1269 4177 1475 4232 Laudationem

347 4268 506 4322 funebrium
526 4268 717 4321 Romanorum
737 4265 856 4320 historia
875 4267 980 4335 pg.471
995 4283 1070 4336 seqq.

439 4353 458 4423 ¹)
476 4352 547 4406 Edit.
562 4350 775 4404 Reissenade
788 4368 831 4420 pg.
846 4353 893 4419 37;
913 4354 947 4407 cf.
963 4352 1134 4419 Caffiaux,
1154 4351 1194 4405 De
1207 4348 1343 4404 l'oraisen
1357 4349 1473 4404 funebre

347 4435 419 4490 dans
436 4437 466 4491 la
485 4437 572 4490 Grece
592 4435 721 4503 paienne,
741 4436 946 4491 Valenciennes
961 4437 1038 4504 1861,
1057 4453 1101 4506 pg.
1115 4435 1175 4490 189.
