3240 5252
369 487 412 550 42
815 491 935 546 Petrus
958 492 1050 560 Heia,
1410 484 1494 572 [202]

369 687 404 732 se
429 668 494 730 sint
516 666 616 749 posita
640 682 757 744 neque,
784 661 817 725 id
846 661 931 744 quod
955 669 1168 746 exspectetur,
1194 667 1364 728 contraria.
1398 665 1494 741 Quam

369 771 409 834 ob
434 788 509 850 rem,
539 773 576 831 ut
605 774 706 830 tumeu
735 766 890 848 particula
920 772 992 848 post
1021 767 1101 852 quad
1129 767 1303 830 relativum
1331 767 1496 849 inseratur,

369 873 496 952 suadet,
526 870 583 934 sed
611 870 737 932 iniuria.
772 868 885 950 Neque
909 870 995 932 enim
1018 869 1098 932 illud
1122 872 1204 955 qual
1227 889 1266 934 eo
1290 871 1361 934 loco
1385 891 1442 953 per
1463 891 1496 935 se

369 982 417 1041 est
439 993 616 1058 pronomen
638 971 817 1053 relativum,
845 991 956 1035 verum
986 977 1047 1034 stat
1070 992 1127 1055 pro
1152 973 1404 1038 demonstrativo
1427 994 1495 1057 pro-

367 1080 498 1142 nomine
526 1079 673 1160 positum,
703 1073 788 1156 quod
817 1079 900 1138 esset
926 1075 961 1139 id
990 1075 1084 1156 cique
1113 1077 1260 1159 apposita
1289 1082 1375 1140 esset
1397 1083 1495 1141 autem

368 1181 562 1245 coniunctio.
598 1177 719 1242 Eadem
750 1181 826 1240 sunt
854 1177 955 1260 igitur
984 1177 1040 1240 illa
1069 1178 1168 1241 verba
1195 1181 1308 1260 atquc:
1339 1181 1375 1244 id
1397 1187 1494 1244 autem

367 1305 461 1369 meque
484 1283 577 1347 aculis
599 1301 694 1365 aeque
716 1280 845 1345 auribus
867 1301 961 1365 aeque
984 1281 1047 1345 ullo
1069 1302 1158 1346 seusu
1176 1285 1300 1367 percipi
1316 1289 1423 1366 potest.

458 1388 501 1449 At
531 1383 676 1447 desidero
707 1383 857 1464 equidem
888 1382 1124 1464 colligationem
1156 1384 1316 1465 quandam
1348 1386 1433 1448 inter
1462 1403 1495 1447 se

368 1489 504 1551 duarum
532 1488 629 1549 huius
658 1486 834 1550 sentcntiae
857 1486 1005 1567 partium,
1033 1487 1219 1568 praesertim
1244 1506 1318 1550 cum
1342 1487 1377 1549 in
1401 1487 1497 1550 altera

367 1591 458 1654 verbi
469 1610 573 1673 genus
584 1590 755 1672 passivum,
771 1588 805 1650 in
818 1588 915 1651 altera
926 1589 1111 1652 inveniatur
1126 1590 1275 1653 activum.
1301 1589 1371 1665 Qua
1388 1590 1493 1653 eadem

366 1693 500 1757 fortasse
525 1711 622 1756 causa
644 1692 794 1755 commoti
818 1688 1061 1770 Hecrdegcnius
1084 1693 1118 1754 in
1145 1691 1193 1754 cd.
1215 1691 1286 1754 adn.
1304 1693 1373 1755 crit.
1391 1694 1493 1775 pag.3

367 1798 512 1881 quoniam
527 1800 600 1877 post
622 1794 702 1880 quad
717 1793 955 1857 infundendum
967 1793 1089 1875 obtulit,
1103 1794 1293 1858 Schuetzius
1308 1795 1344 1857 in
1358 1795 1495 1859 editione

366 1917 426 1962 sua
447 1916 624 1980 pronomen
647 1897 727 1982 qual
748 1896 840 1960 initio
865 1895 997 1960 alterius
1019 1898 1118 1978 partis
1141 1898 1269 1960 iteravit
1287 1897 1493 1980 scripsitque:

366 2002 447 2086 quod
470 2022 563 2086 aeque
586 2000 680 2064 oculis
697 2020 792 2083 aeque
810 1999 939 2063 auribus
958 2021 1053 2085 ueque
1072 2000 1133 2063 ullo
1151 2021 1241 2065 seusu
1256 2003 1378 2085 percipi
1391 2009 1494 2085 potest,

365 2104 499 2188 <qrmd>
526 2105 705 2188 capitulique
735 2108 855 2166 tautum
885 2108 913 2166 et
940 2109 1037 2166 meute
1067 2103 1301 2187 complectimur.
1341 2101 1496 2187 Displicet

366 2211 547 2286 utrumque.
571 2204 656 2287 Ergo
674 2223 732 2286 pro
752 2223 789 2267 co
810 2202 895 2285 quod
912 2209 960 2267 est
975 2211 1095 2268 tautrlm
1110 2205 1218 2286 potius
1234 2213 1336 2270 tamea
1353 2208 1494 2270 nativum

366 2308 475 2390 habco,
500 2307 588 2390 quod
609 2309 643 2370 in
668 2307 833 2370 codicibus
857 2311 1041 2388 corruptum
1066 2308 1108 2369 sit
1131 2309 1274 2371 contusis
1299 2309 1495 2391 compendiis

366 2418 401 2475 tir
432 2413 464 2474 ct
492 2417 544 2491 tiu,
576 2415 671 2491 atque
695 2407 774 2471 illud
802 2416 904 2473 tameu
931 2411 1056 2473 restitui
1086 2409 1177 2484 nralo.
1214 2410 1348 2475 Probari
1371 2411 1496 2476 videtur

366 2514 551 2577 coniectura
570 2532 640 2576 mea
658 2512 813 2595 proximis
838 2531 919 2593 quae
944 2518 1124 2593 sequuntur
1148 2513 1270 2577 verbis:
1295 2518 1336 2580 ils
1350 2552 1351 2555 =
1353 2518 1494 2600 picturis,

365 2637 442 2702 quus
464 2619 630 2699 uomiuuai,
653 2619 785 2702 copitare
808 2622 910 2680 lameu
929 2638 1091 2701 possumus
1110 2617 1300 2700 pulchriora.
1324 2618 1375 2682 Ita
1398 2621 1493 2701 igitur

366 2720 450 2781 hanc
479 2720 712 2802 paragraphum
743 2724 831 2782 recte
862 2737 895 2782 sc
926 2719 1045 2783 habere
1076 2720 1243 2782 existimo:
1281 2719 1343 2785 sea
1373 2744 1426 2808 epo
1454 2726 1494 2787 sic

365 2827 465 2886 etaim
488 2870 543 2884 ...
566 2825 774 2906 caprimutur3
799 2823 991 2907 quartaeque
1014 2822 1108 2887 oculis
1131 2843 1225 2907 aeque
1248 2824 1380 2888 auribus
1403 2846 1494 2910 meque

365 2925 428 2988 ullo
438 2945 526 2988 seusu
537 2927 660 3010 percipi
665 2931 771 3009 potest,
786 2927 964 3010 capitatione
975 2932 1096 2989 tameu
1111 2932 1138 2988 et
1152 2931 1248 2989 meute
1259 2927 1492 3010 complectimur.

456 3131 474 3210 ξ
495 3131 523 3192 9.
546 3129 634 3193 Dicit
652 3129 781 3193 Cicero:
806 3134 842 3192 ut
865 3129 1061 3211 reliquarum
1084 3148 1200 3212 rerum,
1223 3131 1268 3193 ita
1292 3131 1493 3214 eloquentiae

365 3252 494 3316 quoque
511 3252 580 3296 esse
596 3232 691 3314 ἰδέαν,
709 3251 804 3313 quam
820 3231 957 3315 appellat
968 3231 1067 3312 Plato,
1085 3232 1135 3294 vel
1152 3232 1285 3295 formam
1302 3234 1491 3316 speciemve,

365 3336 483 3418 quibus
507 3335 640 3399 vocibus
667 3335 736 3418 ipse
759 3336 856 3399 vertit
879 3354 992 3399 vocem
1017 3334 1171 3400 Graecam
1197 3337 1231 3398 in
1253 3335 1406 3400 Latinum
1430 3358 1493 3402 ser·

363 3460 505 3522 monem,
530 3458 664 3521 eamque
688 3441 794 3503 animo
819 3439 983 3522 cognosci,
1014 3438 1153 3521 effigiem
1180 3439 1250 3502 eius
1274 3441 1407 3504 auribus
1430 3460 1492 3504 non

365 3544 495 3623 cemi1).
527 3542 630 3618 Quam
662 3543 854 3606 sententiam
887 3543 936 3605 his
967 3541 1073 3605 verbis
1108 3540 1218 3604 effert:
1262 3541 1301 3606 Ut
1331 3545 1432 3629 ipitur
1460 3546 1492 3608 iu

362 3647 476 3730 formis
498 3654 526 3711 et
551 3647 662 3732 fipurls
691 3652 733 3710 est
761 3647 884 3731 aliquid
909 3645 1079 3730 perfeetum
1108 3651 1136 3708 el
1159 3645 1309 3726 excellens,
1337 3649 1426 3712 cuius
1452 3646 1493 3710 al

364 3750 526 3833 capitatam
549 3750 673 3831 speciem
689 3748 841 3811 imitanda
864 3747 1048 3829 referuntur
1069 3768 1113 3829 ea,
1135 3769 1211 3832 quae
1234 3747 1288 3812 sub
1305 3749 1404 3814 oculos
1426 3752 1492 3834 apsa

365 3873 427 3917 uou
449 3853 573 3934 caelarat,
601 3855 643 3916 alc
666 3851 821 3936 perfectae
848 3853 1032 3937 eloquentiae
1059 3855 1186 3935 speciem
1213 3855 1318 3916 auimo
1347 3853 1489 3933 uidemus,

364 3955 497 4041 effipiam
520 3955 649 4019 auribus
671 3957 855 4039 quaerimus.

454 4057 606 4120 Plurimis
630 4056 733 4119 modis
756 4057 961 4138 maximeque
985 4056 1082 4118 variis
1107 4056 1194 4119 hunc
1209 4056 1316 4119 locum
1339 4058 1490 4140 interpre-

363 4159 520 4236 tabantur,
536 4159 704 4242 permultis
721 4159 914 4221 coniecturis
928 4178 1001 4222 eum
1014 4156 1175 4221 vexabant
1187 4157 1248 4220 viri
1260 4159 1488 4239 humanissimi,

365 4266 401 4323 ut
430 4262 493 4323 iam
523 4280 607 4324 anno
640 4261 726 4323 1864
760 4260 904 4322 omnium
935 4259 1078 4323 Oratoris
1111 4259 1257 4324 locorum
1287 4262 1375 4326 hunc
1406 4261 1488 4324 Voll-
1594 4273 1595 4310 t

458 4421 476 4486 1)
498 4418 537 4472 cr.
558 4418 602 4472 or.
623 4419 639 4486 s
659 4418 701 4472 rs.
