3228 5268
306 473 351 528 De
373 472 504 543 Gregorii
521 473 693 529 Nazianzeni
712 475 888 534 orationihus
906 479 1078 537 funebribus.
1215 481 1259 545 47

111 647 298 710 orationem
316 644 496 709 funebrem
510 666 576 709 non
592 665 670 712 esse.
695 646 787 724 Quod
803 653 950 733 sequitur
964 672 1006 717 ex
1021 654 1090 738 ipse
1105 658 1260 725 orationis

110 748 369 831 compositione.
389 747 490 812 Deest
501 750 724 834 enimeapars,
736 771 832 835 quam
845 758 878 818 et
889 755 1043 838 epitaphii
1054 764 1086 821 et
1097 760 1260 828 orationes

110 850 370 917 consolatioriae
387 850 549 935 praebent,
567 854 750 918 consolatio.
778 854 893 939 Neque
908 862 1055 941 parentes
1069 881 1175 945 neque
1191 885 1259 930 ma-

108 957 213 1019 ritum
239 973 354 1037 neque
379 952 499 1017 liberos
522 975 628 1039 neque
651 958 849 1040 propinquos
872 960 1045 1043 alloquitur
1063 971 1176 1050 orator,
1200 969 1259 1034 sed

1 1057 2 1062 ’
108 1059 250 1122 omnino
276 1057 319 1121 ad
345 1057 545 1123 Christianos
567 1060 657 1124 urbis
674 1061 786 1144 Iconii,
801 1062 858 1125 ubi
875 1068 974 1130 oratio
990 1057 1096 1133 habita
1112 1073 1168 1152 est
1186 1089 1257 1138 sese

108 1163 331 1244 convertit¹);
357 1180 467 1244 neque
483 1180 576 1245 porro
592 1165 627 1227 in
641 1166 804 1248 prooemio
822 1168 1047 1234 consolationis
1061 1172 1258 1237 mentionem

106 1265 196 1347 iacit,
223 1265 288 1330 sed
310 1264 448 1328 laudere
463 1269 585 1328 tentum
602 1271 698 1350 atque
714 1266 876 1332 adhortari
899 1289 934 1334 se
954 1271 1034 1336 velle
1054 1273 1132 1337 dioit
1155 1294 1203 1358 op.
1221 1278 1255 1339 3:

1 1427 2 1432 ,
108 1367 204 1449 ‘optor
231 1371 274 1446 δὴ
295 1373 490 1448 προεβῶμεν
513 1373 578 1433 τοῖς
597 1369 773 1447 ἐγκωμίοις,
796 1373 854 1448 τήν
877 1375 914 1436 δὲ
933 1373 1145 1454 ὀφειλομένην
1169 1376 1256 1443 detur

1 1474 2 1499 ¹
107 1471 152 1535 ὡς
178 1469 262 1534 ἄλλο
290 1493 319 1536 τι
344 1472 441 1550 χρέο(
463 1476 528 1536 τῶν
552 1471 808 1547 ἀναγκαιοτάτων
833 1472 1094 1554 ἀποπληροῦντα
1117 1481 1165 1544 καὶ
1194 1479 1257 1559 ἅμα

1 1545 2 1598 ³
106 1576 184 1638 roric
214 1575 369 1638 πολλοὺς
397 1572 440 1637 εἰ(
463 1577 557 1652 Ζῆλον
586 1577 634 1638 καὶ
658 1574 777 1653 μίμηειν
804 1579 859 1653 τῆ(
887 1577 984 1656 uiuri(
1011 1579 1125 1658 ἀρετῆς
1153 1581 1256 1647 ἐκπαι-

107 1678 287 1744 δεύοντεδ.
313 1677 403 1742 Laus
426 1679 526 1762 igitur
549 1681 723 1743 coniuncte
745 1685 793 1744 est
816 1700 890 1744 oum
913 1680 1151 1748 adhortatione:
1177 1684 1257 1748 Gor-

106 1783 227 1865 gomae
253 1782 398 1845 virtutes
418 1781 570 1866 deinoeps
586 1787 822 1866 enumerantur,
838 1784 993 1847 miracula
1012 1786 1167 1867 quaedam
1183 1806 1255 1869 pro·

106 1885 275 1966 teruntur,
285 1883 518 1966 auditoresque
529 1883 750 1967 admonentur,
760 1890 796 1948 ut
805 1887 875 1949 eius
886 1886 1070 1970 exemplum
1080 1891 1256 1970 sequentur

107 1992 139 2053 et
161 1990 353 2054 imitentur.
385 1986 534 2070 Denique
552 2008 593 2053 ne
610 1988 759 2053 monodia
778 1990 907 2073 quidem
931 1990 1030 2053 oratio
1055 2009 1126 2054 esse
1140 1993 1253 2074 potest,

107 2111 183 2156 oum
210 2096 327 2157 eareat
352 2090 484 2155 threnis.

199 2193 430 2260 Statuendum
445 2194 545 2277 igitur
567 2199 616 2259 est
639 2196 814 2260 orationem
836 2197 873 2259 in
896 2195 1090 2279 Gergouiam
1114 2196 1166 2260 die
1188 2215 1254 2260 me·

107 2298 237 2362 moriali
264 2296 307 2360 ad
333 2298 455 2360 sororis
475 2298 663 2360 memoriam
677 2297 880 2362 recolendam
903 2303 976 2381 post
993 2317 1113 2361 annum
1138 2300 1202 2362 369
1223 2305 1255 2363 et

107 2403 181 2465 ante
198 2419 333 2465 annum
361 2400 401 2462 37
405 2399 425 2460 4
441 2398 583 2462 habitem
602 2417 680 2463 esse.
699 2437 743 2448 -
761 2401 876 2482 Itaque
895 2420 970 2464 oum
993 2401 1091 2464 oratio
1107 2400 1253 2465 funebris

107 2521 172 2565 non
194 2504 249 2585 sit,
267 2501 471 2584 supersedeo
495 2502 587 2586 plura
602 2503 701 2567 verbu
716 2505 756 2568 de
772 2524 810 2568 ea
825 2505 944 2569 faeere:
961 2505 1059 2569 redeo
1075 2504 1115 2568 ad
1131 2510 1253 2570 ceteros

107 2605 259 2690 Gregorii
287 2621 376 2687 quos
400 2606 527 2688 proprie
550 2605 687 2670 dicimus
711 2606 919 2691 epithaphios.

313 2797 350 2862 O.
381 2795 525 2862 Oratio
553 2798 595 2861 in
623 2797 868 2882 Gregorium
895 2802 1060 2884 patrem.

431 2901 544 2972 (Migne,
563 2904 593 2957 P.
607 2904 646 2972 G„
665 2905 721 2958 vol.
740 2904 784 2972 35,
803 2905 855 2960 981
876 2905 977 2975 seqq.)¹

382 3013 410 3074 1.
435 3010 505 3088 Quo
530 3017 673 3097 tempore
697 3014 797 3077 oratio
822 3013 929 3078 habita
951 3015 1000 3078 sit.

197 3141 247 3205 Ut
265 3138 476 3218 definiamus,
502 3156 565 3220 quo
585 3140 727 3221 tempore
747 3138 826 3202 haee
845 3140 944 3203 oratio
962 3139 1068 3203 habita
1083 3140 1131 3221 sit,
1156 3157 1252 3220 quae·

105 3245 248 3308 rendum
263 3246 325 3323 est,
345 3259 411 3322 quo
428 3260 511 3304 anno
524 3247 614 3325 pater
626 3246 771 3306 mortuus
783 3243 833 3307 sit.
850 3245 959 3327 Atque
970 3247 1109 3328 primum
1122 3242 1252 3326 quidem

200 3428 221 3498 ¹)
242 3424 419 3482 Orationem
438 3424 526 3478 Iconii
544 3425 670 3479 habitam
689 3441 751 3479 esse
770 3425 867 3494 negari
885 3442 944 3480 non
962 3430 1061 3496 potest,
1081 3441 1251 3496 quamquam

106 3513 136 3566 in
154 3511 289 3567 ‘Monito’
310 3507 382 3564 huic
401 3509 524 3563 orationi
547 3509 705 3578 praemisso
725 3509 826 3579 (Migne
839 3510 883 3578 35,
897 3508 959 3581 789)
980 3511 1081 3580 legitur
1097 3512 1189 3565 locum
1207 3510 1250 3564 in-

107 3602 217 3652 certum
245 3611 331 3659 esse;
353 3592 402 3646 alii
421 3609 489 3648 vero
512 3594 542 3649 in
565 3595 663 3648 urbem
681 3593 832 3648 Arianzum
856 3595 1013 3650 orationem
1039 3596 1248 3649 transtulerunt.

106 3684 178 3739 Nam
199 3679 355 3752 Gorgonia
374 3678 463 3733 Iconii
481 3685 569 3748 nupta
588 3684 649 3734 erat
667 3679 767 3749 Alypio
790 3710 825 3719 -
846 3681 901 3734 hoo
919 3696 1023 3734 nomen
1041 3680 1134 3734 mariti
1154 3679 1249 3747 tuisse,

106 3784 199 3839 neque
209 3766 369 3823 Meletium
383 3779 474 3833 neque
487 3765 658 3820 Vitalianum
671 3767 830 3835 (Tillemont
844 3768 860 3821 l.
873 3784 895 3822 o.
904 3769 940 3821 IX
954 3768 1015 3836 380,
1029 3768 1120 3836 ldigne
1131 3767 1174 3834 35,
1186 3766 1249 3834 789)

107 3858 184 3908 certo
204 3852 338 3908 efficitur
358 3865 374 3902 e
394 3848 519 3917 Gregorii
539 3850 624 3921 epigr.
645 3852 680 3904 24
709 3852 810 3922 (Migne
830 3853 873 3920 38,
890 3853 924 3906 21
945 3857 973 3906 et
997 3854 1040 3921 37,
1061 3852 1122 3920 160)
1144 3881 1178 3890 —-
1202 3851 1249 3920 qui

107 3939 177 3994 civis
196 3933 368 3994 iconiensis
387 3932 453 4002 fuit;
473 3934 575 3989 deinde
593 3939 724 4004 parentes
738 3934 895 4004 Gorgoniae
908 3937 1075 3991 nominatim
1088 3936 1123 3990 ab
1137 3936 1249 3989 oratore

107 4024 382 4080 commemorantur
393 4017 446 4087 (op.
457 4019 488 4072 4:
511 4020 669 4086 Γρηγόριον
682 4021 754 4084 λέγω
769 4020 814 4073 καὶ
826 4020 939 4073 Νόνναν
948 4021 1002 4086 τὴν
1014 4022 1100 4072 τοῦδε
1113 4017 1248 4085 (ὺζυγον),

107 4112 181 4178 quod
201 4105 409 4165 necessarium
427 4110 573 4172 nouerat,
598 4105 622 4159 si
646 4104 759 4159 Arianzi
782 4105 813 4158 in
835 4105 928 4174 patria
946 4106 1102 4160 orationem
1124 4102 1247 4157 dixisset.

106 4185 264 4252 Praeterea
285 4195 367 4248 facta
392 4191 531 4260 quaedam
544 4191 701 4260 Gorgoniae
721 4190 895 4245 auditoribus
914 4191 1063 4245 notissima
1082 4205 1144 4245 esse
1163 4186 1248 4240 sumit

108 4287 211 4351 orator,
233 4283 265 4337 id
287 4277 367 4348 quod
381 4277 456 4345 apud
469 4293 518 4330 eos
531 4278 608 4331 solos
622 4276 764 4330 auditores
778 4275 872 4330 tacere
886 4279 996 4345 poterat
1013 4279 1114 4341 orator,
1135 4270 1249 4343 quibus·

108 4383 171 4424 oum
190 4362 345 4439 Gorgonia
364 4361 457 4418 maius
476 4361 552 4416 vitae
571 4362 694 4431 spatium
712 4361 829 4415 vixerat.

1343 483 1356 516 Ι
