3240 5252
154 475 245 562 [245]
620 482 716 538 Studia
737 481 873 538 Tulliana.
1246 479 1288 542 85

158 657 330 720 Conector
347 657 419 736 iste,
443 659 480 720 ut
502 654 712 720 vocabulario
729 654 832 737 frueris
851 654 891 718 ad
909 654 1158 737 intellegendum
1180 663 1290 721 essent

154 765 272 842 aperta,
296 777 356 822 suo
373 777 416 822 ex
440 757 571 821 arbitrio
589 758 665 822 dum
687 765 723 822 tu
745 757 906 821 addidisse
922 757 1057 820 videtur.
1082 755 1176 833 Quod
1196 759 1289 824 colon

155 864 272 928 uadum
296 870 332 926 tu
354 862 458 944 fueris
485 861 647 942 integrum
676 861 820 924 serravit
846 860 951 925 codex
973 860 1177 943 Erlengensis
1206 864 1287 940 3033

158 966 264 1031 denuo
294 968 510 1047 corruperunt
535 963 709 1028 deteriores
737 981 817 1045 quos
846 963 914 1026 dixi
939 963 1074 1044 codices,
1099 968 1135 1026 ut
1157 982 1288 1028 sensum

157 1068 321 1150 quendam
343 1068 534 1148 inferrent).

247 1275 265 1354 ξ
278 1275 352 1338 103.
377 1272 567 1354 Praeterea,
581 1291 662 1354 quae
674 1272 735 1353 in§
746 1273 808 1335 102
818 1271 932 1353 attulit,
945 1273 1043 1334 trium
1056 1271 1185 1336 dicendi
1192 1293 1289 1356 gene-

157 1397 229 1440 rum
249 1375 408 1458 exemplo,
433 1395 506 1438 oum
525 1380 600 1438 uoto
618 1376 691 1456 sint,
711 1375 803 1458 plura
822 1374 985 1458 seligenda
1004 1375 1066 1438 sibi
1085 1394 1155 1440 esse
1174 1376 1288 1441 Cicero

160 1485 254 1563 neget
270 1480 334 1542 sic:
361 1479 446 1558 Quae
461 1479 597 1562 exempla
612 1479 785 1564 adoptatam,
808 1481 872 1542 uisi
887 1479 931 1542 uel
945 1485 1018 1543 uota
1035 1500 1096 1544 ease
1114 1480 1290 1546 arbitrarer

157 1584 201 1648 oe
219 1603 305 1667 posse
318 1583 429 1666 uipera
444 1584 498 1665 qui
512 1587 694 1666 quaererent
709 1580 789 1644 L—
805 1581 946 1666 Quaeque
961 1583 1098 1666 exempta
1116 1583 1288 1669 seleqicsem,

157 1689 192 1750 ur'
215 1686 260 1750 uel
283 1691 358 1748 uota
381 1705 441 1748 esee
458 1690 677 1748 accusarentur
699 1684 744 1748 uel
766 1703 835 1768 opes
852 1681 931 1769 [opes
949 1685 983 1745 in
1000 1684 1155 1769 margine]
1166 1692 1290 1770 possent

154 1790 253 1874 tepere
277 1790 333 1872 qui
356 1793 537 1871 quaererent
559 1789 597 1848 A.

247 1889 384 1954 Duobus
407 1890 505 1972 igitur
524 1890 615 1969 quasi
634 1889 745 1952 formis
763 1889 868 1970 iisque
887 1888 979 1970 plane
998 1890 1082 1952 inter
1099 1909 1134 1953 se
1153 1890 1289 1954 diversis

157 1994 244 2057 hunc
269 1993 379 2055 locum
404 1990 535 2054 uadunt
556 1990 643 2069 libri3
673 1990 918 2054 diiudicandum
941 1996 997 2072 est,
1024 1997 1134 2054 utrum
1158 1992 1289 2056 alterius

155 2098 305 2163 codicum
329 2094 456 2178 generis
479 2094 667 2176 scripturam
692 2093 847 2176 integram
867 2095 1060 2178 recipiamus
1079 2116 1127 2176 an,
1150 2095 1184 2157 id
1203 2096 1288 2178 quod

156 2201 304 2284 plerique
329 2197 472 2260 Oratoris
496 2197 635 2260 editores
658 2197 814 2278 iecerunt,
839 2203 1006 2279 utramque
1029 2200 1208 2281 iungamus.
1239 2202 1289 2264 Ac

156 2307 297 2387 primum
318 2302 425 2364 animo
445 2308 477 2366 et
500 2302 692 2382 cogitatione
712 2299 965 2382 contemplemur
987 2320 1033 2382 ea,
1056 2321 1138 2383 quae
1157 2303 1289 2366 exhibet

156 2407 262 2472 codex
276 2405 494 2468 Abrinoensis
519 2403 692 2484 inquibus
712 2423 784 2466 oum
801 2424 869 2487 opes
885 2406 1063 2468 correxeris
1079 2406 1112 2467 in
1129 2409 1288 2487 orationes,

153 2513 227 2575 iieri
247 2528 344 2593 posse
363 2507 497 2570 forsitan
517 2506 572 2568 tibi
592 2507 748 2587 videatur,
768 2513 804 2569 ut
822 2507 906 2570 hanc
922 2507 1092 2572 lectionem
1111 2509 1143 2570 in
1163 2513 1289 2572 textum

155 2615 360 2696 recipiemus.
386 2610 506 2674 Ultimo
523 2610 610 2673 enim
626 2611 832 2673 coniunctivo
849 2618 1029 2695 quaererent
1045 2630 1085 2674 ne
1105 2611 1288 2693 offendaris,

156 2718 270 2781 modos
299 2718 449 2778 attractos
478 2714 624 2777 conterre
652 2713 773 2796 poteris
801 2714 835 2775 in
861 2713 948 2776 hisce
976 2714 1134 2796 exemplis
1158 2733 1175 2778 e
1199 2713 1289 2778 Cice-

156 2823 245 2885 ronis
278 2818 430 2901 operibus
458 2816 584 2880 electis:
616 2816 727 2880 Parad.
753 2817 811 2878 52:
847 2817 979 2900 improbi
1008 2824 1109 2881 eutem
1136 2824 1164 2880 et
1191 2821 1288 2899 auam,

156 2927 306 3011 quoniam
331 2971 385 2983 ...
405 2922 479 3006 uus
496 2941 613 3005 semper
631 2926 787 3004 appetunt,
810 2941 863 2984 uec
881 2941 986 2983 eorum
1009 2923 1169 3005 quisquam
1188 2921 1289 2984 adbuc

154 3032 298 3092 iuoeutus
313 3032 364 3105 est,
388 3028 438 3089 cui
452 3025 534 3110 quod
549 3024 671 3088 baberet
688 3029 760 3088 eeeot
778 3025 859 3102 sutis,
885 3072 891 3084 .
909 3072 914 3084 .
933 3073 938 3084 .
962 3025 1065 3106 iuopes
1083 3044 1119 3086 uc
1136 3044 1290 3108 pauperes

154 3129 359 3196 existimandi
377 3134 462 3206 euui3
488 3133 519 3190 et
537 3126 585 3190 De
606 3126 659 3188 ofi.
679 3126 703 3207 Ι,
730 3127 809 3188 109;
834 3133 906 3190 suut
930 3175 984 3188 ...
1008 3127 1073 3206 aiii,
1096 3129 1151 3211 qui
1168 3127 1289 3212 arridae

150 3236 382 3320 perpetiantur,
410 3233 505 3294 cuiuis
532 3231 712 3310 deseruerit,
742 3229 817 3292 dum
840 3230 921 3314 quod
944 3229 1036 3293 oeiiut
1058 3235 1287 3314 cousequantur.

155 3337 258 3402 Porro
281 3356 426 3400 accusare
449 3352 543 3415 saepe
571 3333 722 3395 translate
749 3333 781 3394 vi
806 3337 853 3396 est
880 3333 1020 3414 positum
1048 3331 1227 3413 eademque
1250 3351 1288 3394 ac

156 3439 390 3527 reprehendere,
422 3443 459 3500 ut
487 3437 551 3500 Cic.
575 3455 633 3518 pro
662 3436 764 3500 Sestio
794 3437 823 3516 5,
856 3436 913 3497 12:
944 3439 1007 3500 uisi
1109 3435 1235 3500 adiutor
1260 3439 1290 3500 ei

154 3545 190 3610 P.
211 3543 328 3609 Sestius
346 3543 389 3606 ad
406 3541 601 3606 euadendum
617 3540 797 3620 Auteuium,
821 3538 1050 3620 cohortandum,
1074 3539 1288 3618 accusandum,

154 3647 376 3734 impellendum
393 3645 509 3728 fuisset,
533 3646 625 3708 datus
647 3644 700 3708 ilio
714 3646 749 3706 iu
765 3643 838 3707 betto
855 3650 928 3706 esset
945 3642 1038 3708 humi
1053 3645 1147 3720 locum
1168 3641 1289 3704 ibidem

156 3755 210 3832 57,
238 3750 319 3813 122:
349 3751 377 3812 is
400 3751 481 3812 euim
509 3747 601 3812 libere
624 3745 843 3832 reprehendere
865 3752 894 3809 et
916 3767 1059 3810 accusare
1080 3745 1191 3831 populi
1213 3765 1289 3809 uou-

152 3873 329 3938 uumquam
352 3854 552 3915 temeritatem
574 3849 685 3914 solebat
706 3855 762 3912 aut
784 3869 919 3912 errorem
937 3856 1073 3928 cauatam
1097 3848 1216 3911 ibidem
1237 3847 1287 3928 63,

157 3959 240 4022 132:
262 3956 318 4040 qui
336 3952 369 4017 Ο.
387 3949 548 4018 Caesarem
572 4001 626 4015 ...
651 3973 737 4036 saepe
752 3954 913 4036 increpuit,
936 3973 1024 4037 coepe
1042 3952 1200 4032 accusauit,
1219 3971 1289 4015 oum

154 4060 337 4144 affirmaret
362 4057 448 4121 illum
472 4077 641 4141 numquam
744 4057 810 4119 siue
831 4075 907 4118 cura
929 4054 1091 4137 futurum3
1119 4053 1211 4116 Tusc.
1230 4051 1288 4134 III,

158 4165 216 4227 69:
242 4166 347 4245 itaque
363 4160 539 4225 Aristoteles
555 4166 663 4223 ueteres
675 4157 869 4242 philosophos
883 4163 1043 4241 accusauit,
1067 4161 1120 4245 qui
1134 4158 1289 4221 existima-

154 4270 267 4331 uisseru
292 4263 516 4349 philosophiam
544 4264 608 4326 cuis
631 4263 764 4348 iupeuiis
785 4281 845 4324 esee
866 4260 1048 4345 perfectam,
1077 4265 1122 4327 ait
1145 4280 1192 4324 eos
1214 4259 1289 4321 etui-

252 4425 270 4492 ¹)
290 4423 330 4476 cf.
344 4423 427 4477 huius
447 4422 513 4477 dise.
528 4422 620 4491 pag.8
640 4426 668 4475 et
688 4420 728 4474 11.
