3240 5252
150 457 243 542 [241]
394 509 396 512 ,
618 462 717 518 Studia
735 463 871 518 Tulliana.
1244 459 1285 520 81

149 644 206 702 ont
227 641 305 723 qnia
321 657 436 702 maesse
454 642 498 700 est
516 641 572 699 unt
589 639 663 720 qnia
681 634 907 721 sipnificontins
921 643 964 700 est
980 643 1044 717 ont,
1069 635 1286 722 tricliniaria

149 742 319 819 denntins3
343 738 845 819 Fortunatianil.,Rh.Lat.124
865 738 976 802 Halm:
1002 740 1203 804 transtatione
1221 761 1287 804 ocr-

150 845 257 909 borum
286 852 360 930 qnot
386 866 426 908 coo
451 845 554 907 causis
580 843 723 907 ntimnr?
752 850 907 929 qnottnor.
933 843 1064 928 onibus?
1093 845 1286 924 necessitatis,

150 949 274 1029 dnocis,
292 948 457 1028 mediatis,
470 948 656 1010 tornationis.
680 945 875 1028 Exemplum
891 951 997 1009 autem
1010 945 1182 1026 abusionis
1199 945 1286 1028 quod

151 1051 256 1132 decet,
288 1051 436 1114 admotae
465 1049 597 1132 praebet
624 1055 736 1112 auctor
763 1049 802 1112 ad
830 1049 1046 1130 Herennium,
1077 1050 1133 1131 qui
1160 1049 1286 1132 dieitur,

149 1154 169 1216 l.
184 1154 243 1236 IV,
259 1155 315 1235 34,
330 1155 390 1216 45:
417 1153 607 1216 obscenitatis
626 1153 769 1216 vitandae
787 1173 881 1216 consa
902 1151 980 1233 (soil.
996 1152 1203 1217 translatione
1224 1155 1286 1216 uti·
1414 1197 1416 1202 s

151 1259 241 1338 murt
266 1260 324 1321 sic:
350 1259 438 1320 onias
461 1261 561 1319 mater
583 1255 746 1320 cotidianis
770 1258 887 1339 nnptiis
910 1257 1079 1320 dilatetur.

240 1362 352 1442 Atque
382 1359 422 1422 ob
452 1377 518 1435 eas,
549 1378 627 1440 quas
651 1359 732 1440 dixi,
763 1377 875 1422 causas
903 1360 936 1421 in
966 1359 1027 1422 hoo
1055 1359 1125 1423 loco
1149 1359 1285 1440 legendo

151 1465 244 1547 plane
270 1463 428 1526 assentior
450 1461 622 1525 Friderioo.

242 1674 261 1751 ξ
278 1672 328 1733 96.
353 1670 392 1732 In
405 1668 558 1732 orationis
573 1669 718 1732 modicae
734 1688 772 1731 ac
788 1674 982 1750 temperatae
997 1688 1101 1749 genus
1115 1669 1286 1732 verborum

152 1773 266 1837 cadere
278 1773 402 1836 lumina
414 1773 531 1852 omnia,
547 1771 647 1834 multa
659 1773 755 1834 etiam
771 1771 1005 1834 sententiarum
1020 1771 1142 1834 iudicat
1152 1771 1284 1836 Tullius,

151 1875 233 1938 Dein
265 1877 313 1938 sie
336 1875 457 1957 pergit:
489 1874 548 1938 Est
570 1877 653 1939 onim
680 1875 834 1958 quoddam
861 1877 953 1938 etam
981 1877 1101 1959 insiqne
1123 1881 1151 1937 ot
1172 1875 1287 1956 florens

151 1981 300 2042 orationis
323 1980 444 2062 pictam
466 1983 495 2042 et
521 1977 686 2061 expolitam
712 1997 821 2062 penus,
850 1979 965 2062 inquo
987 1997 1089 2040 ornnes
1116 1977 1285 2060 corborum,

151 2102 252 2145 omnes
272 2083 496 2144 sententiarum
513 2080 678 2164 illipontnr
697 2080 825 2163 tepores:
849 2079 903 2144 hoc
926 2086 1020 2143 totnon
1045 2101 1061 2142 o
1078 2079 1286 2163 sophistarum

151 2183 290 2266 fontibus
312 2182 443 2264 doflnait
466 2185 500 2246 in
522 2169 639 2264 forum,
660 2183 713 2246 sed
735 2188 870 2266 spretam
894 2204 914 2246 a
936 2181 1102 2254 subtilibus,
1127 2183 1285 2265 reptdmrn

152 2309 170 2350 o
190 2287 347 2372 pronitas,
370 2288 405 2350 in
428 2307 464 2349 eo
487 2286 524 2349 do
547 2307 607 2370 qno
631 2287 737 2370 monor
760 2285 967 2350 mediocritate
990 2286 1130 2349 consedit.

239 2388 385 2452 Diiiioile
403 2392 452 2450 est
468 2387 565 2468 dictu,
590 2389 678 2469 quali
692 2389 816 2450 ratione
836 2408 913 2450 sana
928 2388 986 2450 fiat
1006 2388 1177 2471 descriptio
1197 2389 1284 2452 illius

152 2490 278 2555 dicendi
303 2491 439 2573 generis.
469 2490 551 2552 Nam
575 2490 735 2554 redundat
753 2491 928 2572 adiectivis,
952 2491 1068 2572 quibus
1086 2490 1283 2574 asyndetioO,

153 2596 205 2676 qui
225 2595 352 2674 dicitur,
377 2593 470 2656 modo
495 2594 628 2657 adiectis
653 2599 749 2676 atque
774 2595 869 2656 etiam
892 2596 1041 2658 orationis
1063 2594 1193 2656 nomine
1210 2595 1284 2658 sub-

152 2697 289 2760 stantivo
310 2697 360 2759 sie
377 2696 460 2759 inter
479 2715 517 2758 ea
531 2696 718 2779 interposito
735 2695 827 2759 valde
846 2696 1000 2777 otiendor,
1025 2697 1171 2778 quamvis
1190 2703 1284 2761 acute

151 2799 335 2863 maleficus
363 2800 398 2860 in
420 2799 580 2882 Philologi
603 2820 629 2862 a.
651 2801 735 2863 1885
767 2799 827 2862 vol.
847 2801 899 2881 44,
925 2800 988 2863 679
1019 2800 1096 2862 haec
1127 2806 1282 2882 exponat:

152 2901 214 2966 ‘An
239 2902 311 2966 dem
342 2902 484 2965 sehonen
512 2901 579 2964 und
608 2902 810 2984 rhythmisoh
839 2902 1080 2985 abgerundeten
1104 2902 1282 2985 Satzgliede
1387 2981 1388 2984 Ἴ

151 3005 238 3070 finde
263 3005 316 3068 ioh
341 3005 446 3068 nichts
469 3011 686 3068 auszusetzen.
712 3005 764 3067 ·Zu
788 3005 905 3068 beiden
930 3004 1037 3068 Seiten
1066 3006 1180 3068 slehen
1203 3008 1284 3070 nivei
1309 3085 1310 3088 Ἴ

152 3108 290 3190 Glieder,
307 3107 360 3171 die
375 3108 548 3190 paarweise
566 3108 754 3172 verbunden
770 3109 851 3190 sind,
869 3109 902 3171 in
919 3107 976 3171 der
991 3108 1083 3171 Mitte
1102 3109 1147 3170 als
1165 3108 1283 3172 Binde-

151 3213 236 3294 glied
267 3211 326 3274 der
352 3211 582 3294 Hauptbegriii
612 3213 644 3273 in
676 3211 845 3294 folgender
871 3209 981 3274 Foras:
1014 3232 1032 3274 a
1062 3212 1282 3296 (qnoddornlb

150 3319 282 3402 (insipne
297 3321 327 3378 et
339 3315 463 3397 fimens)
479 3334 499 3376 o
512 3315 714 3396 (orationislb
732 3318 865 3398 (pictam
881 3315 1096 3398 neapolitum)
1112 3334 1130 3376 a
1146 3317 1282 3399 (penus).’

151 3418 212 3483 Sed
240 3437 349 3498 neque
372 3417 426 3479 alii
455 3417 604 3498 cuiquam
635 3437 695 3481 neo
719 3417 796 3480 mihi
825 3417 997 3500 persuadet
1020 3417 1168 3480 illaesae
1192 3417 1283 3482 Cice-

150 3523 245 3586 ronis
279 3520 456 3585 Levissima
486 3525 593 3583 autem
623 3523 747 3584 ratione
777 3521 931 3600 librorum
964 3521 1142 3602 scripturae
1171 3521 1285 3585 volunt

149 3626 270 3690 mederi
287 3623 533 3706 Baehrensius1)
557 3629 590 3686 et
604 3623 830 3706 Thomasius2).
860 3623 1004 3700 Quorum
1021 3623 1076 3686 ille
1092 3623 1281 3706 particulam

148 3738 176 3794 et
197 3727 407 3793 inserendam
439 3729 589 3809 proponit
618 3733 649 3791 et
672 3730 821 3792 orationis
850 3746 967 3790 nomen
998 3725 1177 3807 delendum,
1207 3729 1284 3808 quia

148 3823 300 3898 orationis
321 3830 430 3913 glossa
454 3830 552 3894 semel
576 3835 704 3913 recepta
728 3830 875 3913 copulam
900 3829 1063 3912 expulisse
1092 3830 1122 3892 ei
1146 3829 1283 3914 videtur,

149 3941 186 3998 ut
208 3935 345 3999 scribat:
370 3935 493 4018 insiyno
513 3940 542 3996 et
568 3933 685 4016 florens
705 3934 780 4002 <et>
798 3936 919 4018 piotnm
942 3940 971 3997 et
993 3935 1159 4019 expolitam
1175 3955 1282 4018 ponas.

149 4038 341 4102 thomasius
367 4036 437 4118 ipse
465 4055 594 4118 quoque
624 4037 769 4120 copulam
799 4044 828 4100 et
856 4036 945 4099 addit
973 4056 1078 4119 neque
1107 4055 1183 4126 vero
1210 4059 1284 4103 ora-

150 4143 240 4206 tionis
275 4157 385 4202 sooem
418 4139 604 4222 exstinguit,
638 4139 694 4204 sed
727 4125 913 4222 transponit,
947 4144 984 4202 ut
1015 4141 1094 4203 haec
1128 4140 1282 4207 evadant:

189 4298 196 4312 ·
242 4282 262 4350 ¹)
281 4283 349 4334 Rev.
369 4281 404 4335 de
423 4280 489 4350 phil.
502 4283 535 4350 X,
555 4281 597 4335 81.

238 4369 259 4436 2)
279 4368 349 4420 Rev.
369 4367 428 4422 orit.
443 4368 486 4435 39,
507 4367 566 4422 146.

202 4491 255 4546 xm,
269 4491 289 4534 a
1139 4476 1172 4529 16
