3228 5268
789 479 900 534 Xaver
919 477 1038 545 Hiirth,

485 655 515 736 5)
540 653 677 718 θάνατοι
700 670 748 732 cp.
766 652 816 713 15.

485 757 515 839 6)
540 756 663 836 ἐκφορά
686 773 733 837 cp.
752 754 802 816 15.

352 858 410 922 ΠΙ.
433 860 663 938 Προεφῶνηειτ
686 876 733 940 cp.
752 856 892 918 16-17.

352 960 408 1024 IV.
432 962 622 1039 Παραμυθία
645 979 693 1042 cp.
711 959 850 1021 18-21.

369 1063 407 1125 V.
430 1063 596 1140 Συμβοαλή
621 1081 668 1144 op.
685 1061 826 1123 22-23.

352 1164 408 1227 VI.
432 1164 594 1247 Epilogus.

562 1355 598 1418 B.
624 1353 754 1418 Oratio
777 1355 817 1416 in
841 1353 1071 1434 Gergouiam
1093 1371 1269 1416 sororem.

671 1470 772 1539 (Migne
791 1468 853 1522 Pe.
873 1469 928 1523 vol.
948 1468 991 1536 35,
1005 1467 1058 1522 790
1077 1468 1164 1538 seqq.)

444 1579 553 1643 Oratio
565 1581 599 1642 in
613 1579 714 1660 titulo,
724 1596 821 1661 quem
835 1577 910 1640 libri
924 1577 1067 1658 tradunt,
1084 1577 1173 1641 audit
1185 1576 1361 1656 ἐπιτάφιοι,
1377 1594 1483 1659 neque

353 1685 445 1749 aliter
458 1684 630 1766 Gregorius
644 1682 714 1765 ipse
730 1681 896 1760 ἐπιτάφιον
912 1700 983 1744 eam
998 1683 1091 1744 vocat
1106 1683 1164 1764 (cp.
1183 1681 1244 1763 23).
1274 1680 1360 1744 Cave
1376 1686 1482 1744 tamen

353 1807 395 1852 ne
418 1805 520 1870 genus
540 1786 692 1849 orationis
715 1785 765 1847 his
789 1782 979 1846 testimoniis
999 1787 1145 1846 constare
1168 1783 1317 1865 opineris.
1352 1783 1482 1848 Etenim

352 1891 380 1954 si
394 1891 575 1954 accuratius
591 1889 670 1952 duas
686 1887 757 1950 illas
769 1888 916 1969 rationes,
934 1887 1052 1969 quibus
1067 1887 1214 1970 inprimis
1229 1906 1332 1969 genus
1349 1907 1481 1968 eognos-

353 1993 438 2057 citur
456 2028 498 2036 -
519 1995 645 2074 tempus
664 1989 736 2053 dico
761 1989 912 2052 orationis
937 1994 969 2052 et
993 1989 1256 2071 compositionem
1278 2025 1324 2037 -
1347 2009 1480 2074 percen-

352 2095 469 2177 sueris,
492 2113 599 2177 neque
623 2099 785 2157 auctorem
808 2092 893 2155 tituli
915 2091 1006 2155 libris
1029 2092 1137 2155 traditi
1160 2111 1265 2174 neque
1289 2092 1480 2177 Gregorium

351 2197 479 2283 proprie
503 2200 535 2261 et
554 2197 702 2261 distincte
719 2195 844 2259 locutos
869 2215 938 2260 esse
953 2197 1109 2278 invenies,
1133 2216 1206 2260 cum
1224 2197 1403 2263 orationem
1418 2198 1479 2263 ἐπι-

350 2301 465 2380 τάφιον
486 2299 637 2365 dicerent.
662 2299 858 2376 Quaeramus
879 2297 985 2380 igitur,
1007 2304 1039 2362 et
1062 2317 1125 2380 quo
1146 2317 1229 2362 anno
1248 2298 1411 2382 Gorgonia
1427 2299 1479 2364 de-

350 2401 462 2466 functa
485 2406 516 2466 et
540 2422 603 2484 quo
627 2421 710 2465 anno
734 2401 833 2464 oratio
857 2401 965 2465 habita
988 2401 1037 2464 sit.

442 2504 635 2587 Gorgoniam
656 2509 729 2589 post
752 2507 888 2568 mortem
904 2504 1044 2568 Caesarii
1062 2505 1129 2568 vita
1151 2504 1326 2570 decessisse
1351 2507 1478 2570 conclu·

351 2609 438 2672 ditur
462 2627 504 2671 er
528 2609 679 2671 orationis
703 2626 750 2689 cp.
768 2607 826 2670 23:
853 2608 960 2684 δέχοιο
978 2609 1027 2670 καὶ
1042 2607 1100 2670 τὸν
1115 2607 1270 2685 ἡμέτερον
1286 2609 1389 2682 λόγον
1412 2609 1477 2673 ἀντὶ

350 2714 477 2775 πολλῶν
501 2712 550 2774 καί
572 2711 635 2789 πρὸ
659 2713 790 2773 πολλῶν
814 2708 987 2790 ἐνταφίων,
1012 2709 1052 2772 ὃν
1076 2709 1227 2791 Καιεαρίῳ
1252 2713 1309 2788 μὲν
1332 2711 1397 2788 πρὸ
1422 2713 1476 2774 τοῦ

351 2815 401 2877 καὶ
424 2815 471 2877 τοὶ
493 2812 558 2891 μετ’
583 2812 702 2877 ἐκεῖνον
726 2812 985 2893 ἀποδεδώκαμεν,
1015 2811 1121 2887 ἐπειδή
1139 2833 1175 2887 γε
1199 2811 1352 2892 ἀδελφῶν
1376 2813 1477 2877 ἐπιτα-

351 2917 435 2994 φίοιε
458 2914 689 2994 ἑταμιειίθημεν.
724 2915 877 2980 Parentes
902 2936 1030 2999 quoque
1053 2918 1240 3000 superstites
1262 2918 1379 3001 inisse,
1404 2939 1477 2983 cum

351 3022 528 3081 moreretur
542 3019 619 3101 filia,
644 3019 790 3101 sequitur
808 3038 851 3083 ex
869 3019 1021 3083 orationis
1045 3040 1091 3103 cp.
1110 3021 1138 3102 5,
1162 3020 1219 3083 ubi
1237 3020 1277 3085 de
1292 3021 1477 3105 parentibus

351 3121 429 3185 dicit
452 3125 572 3184 orator:
609 3121 654 3186 ῶν
680 3122 781 3200 βραχὺ
806 3123 862 3198 μὲν
889 3122 926 3185 τὸ
953 3125 1009 3198 τῆε
1032 3125 1116 3199 ῑωῆε
1141 3123 1295 3199 λείψανον
1322 3124 1373 3187 καὶ
1401 3122 1477 3187 dccv

349 3225 523 3303 ὑπελείφθη
543 3230 579 3307 τῇ
600 3224 745 3308 εὐ·εεβείᾳ’
770 3229 838 3289 ete
861 3245 908 3308 cp.
927 3227 984 3288 17:
1010 3223 1071 3289 ‘roi
1093 3227 1129 3289 τὸ
1153 3227 1251 3290 κακὸν
1275 3226 1334 3290 οὐκ
1353 3228 1477 3306 ἀνθρώ-

349 3346 443 3390 πινον
462 3325 622 3404 ἐνομίζετο
642 3329 691 3391 καὶ
708 3325 782 3391 οὔτε
798 3328 916 3404 ἰατρῶν
935 3327 1055 3404 ἤρκουν
1071 3329 1236 3406 τέχναι...
1261 3327 1335 3393 οὔτε
1351 3332 1477 3405 γονέων
1516 3402 1519 3410 ,

351 3429 481 3507 δάκρυα
499 3433 531 3492 et
546 3448 564 3492 e
577 3448 623 3513 cp.
634 3431 676 3494 40
690 3429 841 3493 orationis
854 3429 889 3492 in
904 3429 1095 3512 Gregorium
1106 3434 1241 3513 patrem:
1259 3431 1335 3497 ‘rurs
1348 3434 1475 3515 τέκνων,

350 3531 650 3610 ἃπροκατὲθαψαε’
680 3537 879 3614 matremque
909 3533 1012 3614 ipsam
1043 3531 1130 3597 filiae
1157 3535 1307 3598 morienti
1336 3535 1476 3600 adfuisse

349 3633 485 3716 legimus
508 3634 543 3695 in
568 3653 614 3717 cp.
633 3635 684 3698 22.
714 3634 794 3698 Cum
818 3638 925 3698 autem
950 3635 1117 3699 Caesarius
1141 3657 1167 3700 c.
1183 3657 1209 3701 a
1234 3639 1298 3701 369
1325 3643 1357 3702 οί
1379 3643 1476 3722 pater,

351 3737 387 3798 ut
401 3735 485 3798 infra
497 3737 557 3818 (pg.
570 3736 625 3815 48)
638 3736 826 3819 videbimus,
844 3757 869 3800 c.
886 3758 912 3800 a.
927 3738 990 3800 374
1003 3740 1120 3800 mortui
1133 3739 1205 3822 sint,
1221 3741 1306 3804 inter
1320 3741 1378 3804 hos
1396 3741 1475 3804 duos

229 3880 231 3883 -
349 3839 502 3902 terminos
530 3843 562 3902 et
585 3838 764 3922 Gergouiae
792 3859 878 3903 mors
907 3844 939 3903 et
966 3840 1046 3903 haee
1074 3841 1173 3905 oratio
1202 3842 1369 3925 ponendae
1393 3848 1474 3908 sunt.

349 3943 440 4006 Haec
452 3946 536 4023 sunt
555 3959 637 4023 quae
653 3947 739 4005 certa
756 3942 854 4021 duco;
872 3941 1042 4005 artioribus
1058 3942 1187 4026 finibus,
1204 3964 1279 4007 oum
1294 3947 1475 4010 testimonia

350 4046 462 4129 desint,
479 4064 601 4108 annum
616 4046 766 4108 orationis
783 4044 1047 4110 circumscribere
1062 4047 1222 4110 nonlicet.
1245 4047 1297 4110 Ex
1312 4048 1363 4111 his
1378 4049 1475 4131 igitur

349 4151 430 4214 nihil
453 4150 491 4213 ad
515 4167 618 4232 genus
641 4150 792 4212 orationis
816 4149 1039 4214 definiendum
1061 4149 1150 4214 effici
1173 4153 1266 4231 patet

439 4252 501 4317 Sed
529 4268 722 4334 quamquam
751 4255 878 4333 tempus
901 4270 1007 4333 neque
1030 4252 1141 4314 mortis
1165 4250 1345 4334 Gorgoniae
1368 4273 1473 4336 neque

350 4357 502 4419 orationis
526 4355 659 4418 stabiliri
682 4358 789 4439 possit,
813 4361 919 4420 tamen
937 4377 996 4440 pro
1016 4362 1101 4422 certo
1121 4357 1281 4421 affirmare
1298 4357 1375 4421 licet
1392 4357 1472 4420 hanc
