3270 5250
131 534 223 620 [297]
473 538 513 592 De
531 538 772 594 Pseudo-Luciam
791 539 947 595 Amoribus.
1227 536 1269 597 35

130 713 247 795 fligare
274 717 348 774 tum
373 709 467 779 licuit
486 729 528 773 ex
547 709 595 792 iis,
616 729 696 792 quae
716 711 806 774 libris
825 711 876 794 (cf.
896 713 992 776 etiam
1010 711 1101 794 Diog.
1118 711 1219 776 Laerl.
1236 713 1272 777 X

9 837 23 852 .,
134 819 174 880 75
203 821 236 880 et
261 815 312 879 Us
338 813 381 876 ad
406 812 424 875 l.
441 833 470 895 p.
488 814 564 889 380)
593 813 708 876 tradita
736 813 828 877 nobis
856 819 939 878 sunt.
974 814 1035 879 Sed
1067 822 1272 888 accesserunt

132 917 223 1001 Diog.
251 917 334 980 Oen.
356 917 399 978 48
419 935 447 997 p.
465 917 538 996 391,
563 914 742 979 Philodemi
765 919 835 996 περὶ
858 919 997 981 Στοικιθν
1021 918 1102 981 liber
1125 919 1272 1000 (Oronert

132 1023 196 1104 66),
225 1019 391 1103 imprimis
419 1018 488 1082 eius
513 1019 678 1082 volumina
701 1020 867 1083 rhetorica.
902 1020 1116 1104 Inscriptionc
1141 1022 1271 1103 quidem

133 1125 188 1187 illa
204 1124 313 1205 Lycia
321 1123 345 1203 1)
362 1121 395 1183 id
412 1126 533 1184 tantum
551 1140 680 1203 operam
697 1122 822 1186 dedisse
838 1122 1016 1204 Epicureos
1032 1123 1211 1206 edocemur,
1235 1132 1273 1190 ut

130 1228 263 1310 singula
280 1225 430 1288 homines
446 1225 532 1307 ipsos
547 1243 605 1307 per
621 1244 655 1288 se
672 1230 704 1288 et
719 1244 827 1288 rerum
845 1227 1034 1290 necessitate
1051 1233 1186 1310 coactos,
1206 1249 1272 1292 non

132 1330 210 1394 deos
219 1331 243 1411 ²)
267 1328 435 1391 invenisse
459 1332 663 1410 exponerent.
687 1327 814 1410 Papyro
834 1334 941 1392 autem
960 1329 1196 1396 Herculanensi
1215 1352 1272 1397 eos

132 1451 298 1516 pugnasse
323 1430 463 1493 traditur
486 1450 560 1494 cum
579 1430 693 1494 Stoicis
716 1431 880 1495 veteribus
903 1433 954 1514 (cf.
978 1453 1007 1515 p.
1027 1437 1076 1517 17,
1091 1437 1130 1516 a),
1154 1440 1191 1497 ul
1214 1439 1273 1516 qui

132 1535 382 1615 ἐξημερωμὲνην
411 1534 614 1612 ἀναστροφήν
646 1534 777 1598 destitui
805 1538 836 1598 et
864 1535 1011 1599 similiter
1034 1543 1130 1619 atque
1156 1537 1272 1618 Cynici

131 1641 276 1724 priscam
308 1634 399 1699 illam
429 1641 564 1700 aetatem
595 1637 721 1700 restitui
749 1638 874 1700 vellent.
910 1638 1093 1721 Epicurei
1122 1641 1206 1704 enim
1235 1647 1273 1706 ut

132 1743 285 1806 homines
308 1759 495 1823 progressos
519 1759 590 1804 esse
614 1745 756 1823 tempore
779 1759 946 1823 progresso
970 1741 1199 1825 infitiabantur,
1227 1744 1273 1809 ita

133 1844 430 1924 ἐξημερωμὲνην
454 1841 583 1905 vivendi
607 1843 765 1907 rationem
789 1843 902 1906 simul
925 1847 1077 1921 κρείττω
1096 1849 1271 1926 γενομένην
1353 1860 1355 1864 “

132 1968 212 2030 esso,
229 1953 268 2010 ut
284 1942 566 2008 Pseudo-Luciam
582 1944 688 2008 verbis
705 1948 784 2026 utar,
804 1965 878 2008 non
897 1951 1125 2011 statuerunt.
1157 1948 1271 2030 Itaque

132 2053 313 2135 quaeritur,
332 2047 448 2130 quibus
468 2048 507 2112 de
524 2050 629 2112 causis
644 2049 807 2112 noluerint
821 2051 1005 2132 praecipere
1022 2069 1066 2133 ea,
1086 2070 1167 2132 quae
1182 2057 1272 2116 recta

133 2175 204 2220 esse
236 2154 483 2236 cognovissent3
511 2154 699 2236 priusquam
723 2158 830 2217 autem
853 2153 943 2218 litem
973 2155 1165 2237 dirimamus,
1191 2155 1272 2221 haec

132 2274 413 2342 praemoneamus.
441 2255 649 2320 Philodemus
666 2259 751 2321 enim
765 2257 911 2340 (Oronert
924 2259 974 2340 66,
991 2259 1049 2322 col.
1062 2258 1145 2321 XIX
1158 2259 1199 2322 26
1213 2261 1271 2342 sq.)

131 2363 176 2424 ita
201 2360 326 2444 pergit:
358 2359 383 2440 ei
407 2358 470 2443 tlh]
496 2361 633 2442 θυνατὸν
658 2362 763 2442 αὐτοῖς
788 2361 821 2423 ἐκ
844 2365 899 2438 τῆ(
923 2361 1159 2449 ἀνθρω[π]ίνης,
1188 2382 1271 2443 quae

132 2465 299 2528 sententia
316 2461 493 2544 supplenda
509 2468 558 2526 est
573 2462 615 2526 εἰ(
628 2465 685 2541 τὴν
703 2466 843 2540 θηριώδη
862 2462 952 2540 φύειν
969 2467 1045 2542 κτλ.;
1063 2464 1124 2526 hoc
1140 2463 1272 2546 quidem

134 2569 174 2632 ad
199 2569 312 2650 ipsum
338 2565 422 2628 vitae
447 2564 568 2628 cultum
593 2585 658 2628 non
681 2567 820 2650 pertinet
843 2566 899 2628 sed
922 2566 962 2628 ad
981 2566 1146 2629 hominum
1166 2572 1198 2631 et
1216 2567 1271 2632 be-

133 2674 272 2736 stiarum
298 2667 524 2751 differentiam,
550 2689 613 2751 qna
636 2672 670 2733 in
697 2689 733 2734 re
752 2671 928 2754 Epicureos
957 2691 1030 2734 cum
1053 2671 1169 2735 Stoicis
1196 2691 1272 2735 con-

133 2777 256 2839 sentire
290 2775 356 2835 iam
386 2792 483 2855 supra
513 2773 660 2856 vidimus,
693 2775 752 2839 etsi
781 2793 822 2836 ex
850 2774 900 2836 his
928 2779 1051 2838 veteres
1076 2775 1272 2856 Cynicorum

133 2878 287 2961 exemplo
310 2880 341 2939 et
364 2877 488 2940 ratione
512 2876 666 2941 adductos
687 2895 758 2942 esse
782 2875 876 2940 facile
900 2877 1005 2939 animo
1030 2876 1272 2958 comprehendi-

132 3001 225 3061 mus3
252 2997 475 3061 comparemus
499 2978 594 3042 haec:

131 3097 289 3151 Philodem.
302 3094 371 3147 rhet.
382 3093 405 3146 ll
419 3093 468 3146 161
489 3093 538 3162 frg.
553 3094 636 3150 XXIV
649 3096 675 3150 S.
905 3096 1016 3165 Epictl
1036 3094 1061 3161 3,
1075 3097 1099 3148 7.

125 3179 197 3237 Ἀπὸ
224 3183 280 3247 γὰρ
311 3178 499 3247 ἀνη[μέρου
526 3178 589 3248 καὶ]
617 3184 675 3246 θη-
733 3180 767 3233 Οἱ
798 3182 829 3233 δέ
859 3180 918 3249 (scl.
941 3178 1142 3234 ἀποκλίναντε(
1174 3180 1271 3244 ὅμοιοι

131 3269 289 3335 ριώδουε
303 3267 444 3335 {placuitne
456 3265 554 3335 (suppl.
566 3265 675 3334 B.Keil)
730 3266 877 3334 γινόμεθα)
898 3267 1015 3327 λέουειν,
1036 3266 1128 3332 ἄγριοι
1145 3263 1190 3316 καὶ
1212 3271 1271 3334 θη-

129 3353 309 3422 liquescant.
731 3351 869 3416 ριώδειε
888 3351 942 3403 καὶ
961 3350 1140 3416 ἀνήμεροι.

226 3452 297 3515 Iam
319 3451 421 3534 ipsam
446 3451 667 3532 quaestionem
694 3451 800 3514 cultus
828 3451 1058 3534 aggrediamur,
1086 3452 1119 3513 in
1145 3456 1271 3532 quaid

128 3561 257 3621 καλῶς
279 3555 343 3632 ἔθη
365 3555 488 3632 κείμενα
506 3559 536 3617 et
552 3554 694 3633 ἐθιεμοὶ
713 3558 782 3618 τοῦ
799 3557 965 3632 πλήθουε
982 3554 1208 3637 distinguenda
1223 3563 1271 3620 at-

226 3707 246 3770 ¹l
265 3705 380 3771 Usener,
408 3705 507 3758 Rhein.
532 3705 602 3758 Mus.
622 3705 691 3759 1892
704 3706 865 3760 XLVIIllO
894 3711 998 3761 rectam
1021 3706 1096 3759 viam
1123 3703 1270 3772 ingressus

129 3796 191 3859 est3
218 3792 250 3844 A.
271 3789 384 3858 Doring,
410 3789 508 3844 Gesch.
522 3790 547 3843 d.
562 3791 664 3858 griech.
678 3791 782 3844 Philos
797 3790 887 3861 (1903)
904 3792 927 3844 ll
944 3792 997 3846 485
1021 3791 1091 3844 nihil
1117 3789 1187 3843 dicit
1212 3790 1270 3848 nisi

130 3875 357 3944 descriptionem
383 3874 567 3928 Lucretianae
594 3875 713 3928 similem
737 3892 813 3941 esse3
843 3875 872 3928 P.
891 3878 1053 3942 Decharme,
1074 3873 1197 3942 Critique
1217 3876 1269 3933 des

127 3962 227 4018 tradit.
249 3959 326 4028 relig.
347 3959 414 4012 chez
433 3959 475 4012 les
495 3959 580 4013 Grecs
597 3959 688 4029 (1904)
706 3961 766 4026 250,
786 3963 818 4014 ut
837 3961 890 4014 sibi
910 3961 1062 4031 proposuit,
1082 3959 1116 4012 de
1136 3957 1179 4012 dis
1199 3960 1269 4018 solis

128 4048 192 4118 agit
211 4061 305 4114 neque
325 4044 356 4097 in
374 4045 448 4098 hanc
468 4045 643 4114 questionem
661 4045 816 4114 inquisivit.

224 4130 246 4198 ²)
267 4129 334 4183 Inde
357 4128 414 4182 iam
441 4129 510 4182 satis
535 4131 652 4198 apparet
672 4129 889 4199 Callicratidam,
910 4148 973 4185 cum
993 4128 1089 4183 statuit
1108 4127 1152 4197 (32
1166 4145 1192 4198 p.
1203 4130 1270 4202 432)

128 4236 147 4273 a
168 4213 340 4284 Cupidine
363 4230 409 4267 res
432 4217 603 4283 temperatas
623 4231 685 4268 esse
705 4230 796 4283 neque
815 4215 914 4270 bestiis
934 4233 951 4270 a
969 4212 1169 4267 Prometheo
1188 4230 1268 4271 men-

129 4309 187 4358 tem
211 4303 368 4355 humanam
390 4299 560 4368 impositam,
583 4299 613 4352 in
634 4299 835 4367 Epicureorum
858 4302 904 4370 qui
925 4302 996 4355 haec
1020 4298 1163 4361 ἀνθγκηι
1188 4302 1268 4356 attri-

129 4389 252 4443 buerent
276 4384 416 4453 (exempla
435 4385 469 4440 cl.
490 4385 564 4453 apud
583 4384 670 4451 Helm,
690 4384 796 4439 Lucian
817 4402 843 4440 u.
865 4387 985 4455 Menipp,
1007 4383 1058 4437 143
1073 4381 1124 4450 sq.)
1148 4398 1268 4442 numero

127 4472 294 4528 habendum
312 4485 371 4522 non
390 4485 460 4524 esse.
