3240 5258
310 467 353 550 De
373 466 498 536 Gregorii
516 466 689 522 Nazianzeni
707 467 882 522 orationibus
900 467 1074 523 funebribus.
1195 464 1258 526 145

218 650 250 712 ÷
268 637 538 704 ευνεποπτεύω
568 637 596 700 B
617 639 675 718 823
700 638 901 722 Themistius,
931 639 1076 721 aequalis
1104 641 1259 725 Gregorii,

131 761 241 807 vocem
268 744 306 805 in
336 740 452 805 eodem
475 741 704 805 sententiarum
729 747 883 806 contextu
907 741 1036 807 adhibet
1059 746 1119 828 (pg.
1137 746 1201 807 235
1215 744 1258 827 Ο).

218 858 250 920 ÷
267 847 434 912 ευνὲεθω
449 845 476 908 Β
490 847 533 908 64
549 843 635 908 solus
649 843 821 928 Gregorius
837 844 915 909 dicit
927 865 983 928 pro
995 848 1154 929 ευνεοθίω,
1172 848 1258 929 quod

129 950 202 1013 inde
214 951 255 1013 ab
271 948 448 1014 Aristotele
462 949 498 1011 in
509 967 572 1011 usu
585 953 645 1027 est,
663 954 806 1013 ceterum
819 948 857 1013 ci.
872 948 1005 1012 Ordnert
1014 949 1034 1013 1.
1048 971 1074 1015 ο.
1083 971 1133 1034 pg.
1142 953 1216 1034 255,
1229 955 1258 1016 3.

217 1063 249 1126 -1-
266 1053 420 1117 (υνθεία
441 1051 468 1114 Β
487 1053 545 1114 68:
570 1070 594 1114 c.
611 1053 660 1113 καὶ
683 1052 850 1130 (υναφείας
876 1070 958 1134 quae
982 1071 1047 1115 vox
1071 1053 1156 1136 apud
1179 1054 1259 1118 alios

128 1175 192 1218 non
206 1155 353 1220 occurrit
363 1154 556 1236 videturque
566 1152 740 1235 Gregorius
747 1153 815 1236 ipse
829 1172 898 1217 eam
906 1153 966 1217 sibi
974 1153 1170 1237 formavisse,
1184 1174 1260 1220 cum

129 1258 227 1322 dicat:
253 1263 312 1335 τῆ(
336 1258 413 1320 κατὰ
434 1257 491 1333 τήν
508 1255 600 1330 ἁγίαν
615 1256 735 1334 Τριάδα
751 1257 919 1335 (υναφείαε
935 1257 984 1320 καὶ
1001 1259 1147 1339 ευνθεῖαε,
1165 1261 1183 1336 ἢ
1200 1257 1260 1321 οὐκ

5 1385 6 1392 “
128 1357 186 1424 οἷδ’
206 1360 255 1424 ὅτι
274 1361 466 1438 κυριώτερον
486 1360 545 1437 χρὴ
565 1358 660 1422 εἰπεῖν
680 1360 728 1421 καὶ
748 1359 948 1437 (αφέετερον.
973 1357 1018 1422 cf.
1035 1379 1147 1424 vocem
1163 1361 1260 1443 ἀθεῖα,

129 1482 209 1545 quae
234 1467 343 1528 exstat
365 1461 474 1545 Migne
499 1464 551 1542 35,
578 1462 673 1524 1220.

215 1577 249 1640 ÷
274 1566 590 1644 ευνυποκουφίζω
628 1565 744 1628 simul
780 1564 939 1628 sublevo
975 1564 1050 1629 G9.
1086 1565 1261 1649 Gregorius

5 1709 6 1712 =
127 1670 213 1732 solus
239 1685 413 1750 usurpasse
436 1667 570 1730 videtur.

215 1783 248 1845 ÷
266 1770 474 1849 (χηματίζω
503 1771 567 1833 τὰ(
595 1773 722 1848 χεῖρα(
751 1770 804 1851 (εἰς
828 1770 935 1853 εὐχήν)
959 1771 1045 1836 (329
1071 1777 1103 1837 ct
1126 1773 1261 1849 crcupov

127 1875 303 1954 exuperilm
333 1873 429 1954 Gli,
462 1891 541 1954 quas
570 1871 749 1936 locutiones
777 1872 862 1955 apud
890 1874 969 1937 alios
998 1875 1166 1958 scriptores
1194 1895 1261 1938 non

5 2055 6 2070 ,
125 1979 245 2042 inveni.

5 2143 6 2168 ,
213 2091 247 2153 4-
264 2077 603 2157 ὑπερνεφὲωΒ64ε
624 2077 651 2140 ὑ.
665 2077 806 2142 adadu:
820 2096 858 2141 so
874 2079 997 2161 ipsum
1014 2098 1124 2163 supra
1139 2078 1260 2144 nubes

5 2171 6 2240 i
126 2183 280 2262 tollere3
299 2199 374 2262 vox,
394 2197 476 2261 quae
495 2179 589 2242 etiam
607 2180 643 2241 in
662 2199 758 2243 carm.
775 2179 814 2242 de
833 2181 899 2244 vita
915 2201 974 2244 sua
988 2184 1053 2245 413
1070 2181 1190 2264 (Mignc
1208 2183 1260 2265 37,

127 2287 224 2367 1057)
238 2288 273 2349 et
284 2284 356 2347 aliis
367 2282 513 2366 Gregorii
522 2282 600 2346 locis
613 2281 663 2363 (cf.
675 2282 779 2366 Steph.
793 2282 884 2364 thes.)
894 2288 1005 2365 exstat,
1018 2283 1153 2348 eandem
1165 2283 1261 2348 habet

124 2390 188 2452 vim
212 2392 314 2470 atque
340 2386 522 2463 ὑπερνεφήκ
545 2386 696 2466 γίγνομαι,
721 2384 806 2467 quod
829 2384 913 2449 idem
937 2388 1071 2470 scriptor
1093 2386 1231 2469 praebet.

212 2501 246 2564 -γ
263 2489 465 2565 ὑπερπλὲω
488 2487 585 2550 Bao:
611 2489 743 2565 κιβωτὸν
761 2486 892 2566 κούφως
906 2493 972 2552 τῶν
989 2490 1150 2566 αἱρετικῶν
1166 2489 1261 2566 ὑπερ-

123 2595 302 2673 πλὲουεαν;
327 2592 372 2656 Io.
391 2590 502 2673 Chrys
525 2591 710 2655 Theodorct.

213 2696 465 2773 ὑπέρχρονο(
488 2698 671 2758 aeternus
693 2693 720 2756 B
739 2695 790 2776 30,
815 2694 923 2774 Mignc
944 2695 995 2774 35,
1021 2692 1138 2773 74903
1163 2693 1259 2777 Basil,

124 2798 218 2882 Greg.
236 2797 338 2879 Nyss,
363 2796 487 2877 Caesar,
512 2795 668 2879 Epiphan,
692 2797 877 2860 Theodoret

212 2911 246 2974 -Ι-
264 2899 433 2977 ὑφεδρία
456 2901 575 2981 (oppos.
594 2905 630 2981 τῇ
649 2899 813 2982 προεδρίᾳ)
831 2899 858 2962 Β
877 2901 927 2982 27,
947 2899 1057 2983 Migue
1074 2903 1125 2983 35,
1144 2902 1207 2964 648
1221 2901 1260 2981 Ο;

122 3002 240 3066 Suidas
267 3001 426 3084 explicat:
451 3002 478 3064 ὑ.
504 3003 523 3080 ἡ
547 3003 724 3080 κατωτέρω
739 3004 877 3083 κὰθεδρα
894 3037 927 3058 =
944 3005 1206 3069 sacerdotium
1230 3011 1262 3070 et

120 3106 284 3184 προεδρία
302 3134 336 3156 =
353 3104 564 3188 episcopatus.

212 3220 247 3282 -Ι-
265 3208 512 3286 χερεομανὲω
536 3203 717 3291 Migne'35,
738 3210 801 3272 949
816 3209 858 3288 Β;
879 3209 907 3272 G
926 3211 982 3273 16:
1009 3209 1149 3288 ἐκκληεία
1166 3211 1262 3289 ῥαθυ-

120 3317 256 3392 μηθεῑεα
283 3311 334 3373 καὶ
359 3311 611 3388 χεροομανίγεαεα
628 3342 661 3363 =
676 3311 824 3394 neglecta
846 3318 941 3393 atque
958 3313 1099 3390 inculta;
1123 3311 1261 3376 Philoth.

118 3416 206 3480 laud.
232 3413 344 3491 Basii3
370 3411 485 3475 Theod.
502 3412 640 3477 Metoch.

212 3529 246 3591 γ-
266 3515 436 3594 ψόφημα
467 3515 617 3579 sonitus
646 3516 750 3597 Boe,
781 3521 848 3582 τοῖς
878 3520 926 3582 ἐπὶ
956 3517 1073 3597 κόρρης
1101 3517 1262 3595 ραπίεμαει

119 3624 169 3686 καὶ
191 3620 401 3700 ψοφήμαειν;
421 3617 497 3681 item
521 3618 630 3703 Migne
647 3623 698 3701 37,
720 3622 804 3684 1211
819 3623 857 3684 Α.
881 3620 979 3704 Apud
995 3619 1073 3682 alios
1090 3620 1263 3703 scriptores

117 3745 186 3789 non
210 3740 341 3787 invem.

527 3899 559 3964 O.
583 3900 636 3966 Dc
659 3902 874 3985 particulis.

212 4056 311 4120 Inter
335 4051 421 4113 viros
441 4052 550 4117 doctos
567 4060 693 4121 constat
708 4058 825 4138 κοινήν,
849 4074 930 4138 quae
945 4058 1086 4135 uocatur,
1110 4072 1152 4118 cx
1167 4053 1264 4136 pa1ti-

118 4161 204 4225 oulis
222 4176 310 4241 quas
328 4154 429 4218 Attici
444 4155 666 4241 adhibuerant
683 4161 764 4226 alias
779 4160 871 4242 plane
888 4157 1111 4240 deperdidisse,
1131 4157 1265 4219 aliarum

117 4266 187 4328 vim
223 4267 330 4343 atque
358 4258 629 4341 significationem
659 4272 717 4334 aut
747 4264 920 4328 mutavisse
953 4265 1008 4325 aut
1035 4261 1265 4343 depravavissc.

119 4368 217 4446 Quod
250 4385 295 4429 θΧ
326 4362 374 4443 fis,
403 4383 481 4444 quae
510 4371 720 4448 grammatici
755 4369 794 4434 dc
825 4369 871 4432 eis
901 4366 1023 4448 docent,
1054 4364 1172 4447 optime
1195 4381 1267 4444 per-

172 4507 231 4561 xu,
249 4510 267 4549 1.
1127 4487 1162 4542 10
