3228 5268
796 501 907 556 Xaver
926 499 1045 567 Httrth,

687 746 716 807 2.
739 746 975 827 Argumentum
1000 743 1161 806 orationis.

445 875 675 954 Προςιρώνηςις
698 874 738 937 ad
762 873 934 937 Basilium:

445 976 630 1058 Alloquitur
652 981 757 1040 orator
779 975 943 1057 Basilium,
967 975 1024 1057 qui
1046 974 1154 1038 funeri
1177 975 1319 1056 interest
1345 993 1485 1056 eumque

354 1086 452 1164 rogat,
484 1079 602 1162 quibus
633 1080 738 1143 causis
769 1083 947 1143 commotus
974 1077 1053 1141 illuc
1082 1077 1215 1140 venerit.
1238 1075 1336 1140 ‘Eum
1360 1080 1485 1143 venisse

356 1189 411 1248 aut
433 1183 484 1246 sui
500 1183 656 1265 (oratoris)
674 1187 730 1246 aut
752 1183 887 1265 pastoris
910 1181 997 1244 illius
1021 1179 1176 1244 ecelesiae
1201 1181 1311 1263 (patris
1328 1180 1484 1263 Gregorii)

356 1293 413 1350 aut
439 1287 545 1369 gregis
575 1286 695 1349 oivium
717 1284 994 1349 Nazianzenorum
1021 1282 1149 1346 visendi
1172 1301 1270 1346 eausa
1293 1285 1404 1366 (ἡμῶν,
1427 1288 1484 1349 τοῦ

355 1390 512 1471 ποιμένος,
527 1393 582 1465 τῆς
597 1389 747 1470 ποίμνης).
778 1387 819 1452 Se
833 1406 902 1451 esse
914 1387 1167 1458 semimortuum,
1178 1391 1300 1468 patrem
1314 1392 1484 1469 mortuum,

355 1510 486 1575 gregem
515 1492 638 1554 tn'stem
668 1495 764 1573 atque
790 1489 948 1554 afflictum
971 1507 1125 1552 maerore.
1162 1488 1305 1565 Quorum
1330 1495 1368 1553 ut
1391 1509 1485 1554 suum

356 1595 474 1676 cuique
486 1593 606 1657 tribuat
617 1599 714 1676 atque
727 1594 788 1675 det
800 1593 958 1657 Basilium
971 1596 1039 1656 orat
1052 1597 1170 1656 orator:
1188 1596 1352 1656 mortuum
1367 1593 1485 1675 laudet,

355 1715 485 1780 gregem
501 1701 597 1778 atque
613 1715 648 1760 se
664 1697 770 1779 ipsum
789 1696 979 1759 consoletur.
1004 1697 1111 1777 Atque
1130 1695 1252 1778 profert
1267 1699 1374 1759 orator
1388 1695 1485 1760 breve

355 1804 580 1883 argumentum
603 1800 763 1882 orationis,
792 1819 888 1880 quam
912 1798 1069 1862 Basilium
1097 1817 1174 1860 mox
1201 1798 1387 1861 habiturum
1416 1818 1485 1864 esse

357 1905 450 1985 quasi
471 1903 691 1986 praesagiente
716 1903 821 1964 animo
844 1903 996 1966 enuntiat.
1031 1901 1120 1982 Sese,
1142 1919 1183 1965 ne
1208 1901 1320 1965 Basilii
1344 1901 1484 1967 laudatio

356 2005 502 2088 Gregorii
532 2006 630 2088 patris
661 2004 792 2088 gloriam
816 2005 865 2068 δι’
894 2005 1025 2079 ἀγνοίαν
1052 2008 1118 2067 τῶν
1146 2003 1266 2068 ἐκείνου
1290 2007 1406 2068 καλῶν
1431 2005 1486 2069 de·

355 2108 524 2191 minueret
557 2106 776 2172 tantummodo
809 2111 915 2191 partes
950 2106 1104 2188 quasdam
1136 2125 1153 2170 e
1186 2107 1253 2169 vita
1281 2108 1381 2190 patris
1409 2127 1485 2172 oon-

355 2211 498 2276 stituisse
527 2210 715 2294 depromere
743 2215 839 2292 atque
864 2228 1011 2274 enarrare
1035 2208 1240 2290 breviterque
1263 2209 1392 2274 laudem
1416 2213 1485 2274 eius

357 2314 560 2393 adumbrare3
597 2313 763 2396 Basiliam,
793 2314 1024 2397 peritissimum
1047 2313 1160 2376 harum
1182 2331 1291 2376 rerum
1321 2314 1484 2396 piatorem,

355 2420 488 2482 materia
503 2419 684 2481 eoonratius
699 2418 834 2480 formata
850 2417 1094 2499 elegantiusque
1110 2415 1250 2498 expolita
1264 2417 1350 2499 apud
1375 2437 1485 2482 omnes

356 2522 502 2584 homines
541 2521 659 2584 mortui
699 2520 828 2584 laudem
868 2519 1127 2603 praedicaturum
1168 2537 1238 2582 esse
1272 2521 1405 2601 (βραχέα
1431 2525 1486 2598 τῆς

357 2625 519 2703 εὐφημίας,
545 2623 577 2690 έξ
601 2623 647 2687 ὧν
671 2623 768 2687 αὐτὸς
783 2623 998 2699 ςυνεπίςταμαι
1013 2627 1058 2705 τῷ
1077 2621 1246 2686 ἀπελθόντι
1264 2625 1486 2702 ςκιαγραφήςω

356 2727 407 2790 καὶ
438 2728 632 2804 προχαράξω
662 2728 711 2788 καὶ
743 2726 925 2803 παραδώςω
955 2745 1014 2802 ςοι,
1047 2729 1093 2807 τῷ
1122 2727 1208 2806 καλῷ
1235 2727 1300 2787 τῶν
1330 2725 1485 2789 τοιούτων

356 2832 481 2907 γραφεῖ,
493 2832 552 2914 τῆς,
562 2827 677 2908 ἀρετῆς
688 2827 809 2892 ἐκείνου
821 2829 858 2891 τὸ
871 2827 985 2892 κάλλος
999 2827 1211 2907 άπακριβῶςαι
1224 2828 1272 2890 καὶ
1284 2833 1486 2907 παραδοῦναι

356 2935 422 2996 ταῖς
445 2933 574 2995 πάντων
599 2930 711 2995 ἀκοαῖς
732 2951 766 2994 τε
790 2933 840 2994 καὶ
865 2932 1033 3013 διανοίαις).

446 3034 648 3098 Laudatio:
670 3033 784 3097 Orator
799 3053 873 3096 omn
890 3031 929 3095 ad
946 3032 1072 3096 laudem
1088 3033 1189 3115 ipsam
1205 3033 1327 3115 transit,
1344 3035 1485 3117 singulos

256 3139 259 3144 '
356 3137 484 3220 τόπους,
507 3136 624 3220 quibus
644 3139 677 3200 in
692 3135 928 3200 laudationibus
944 3136 993 3197 uti
1012 3136 1143 3216 soleant
1163 3153 1197 3198 se
1215 3137 1390 3218 praeterire
1410 3137 1487 3202 dicit

357 3261 404 3324 op.
417 3244 453 3304 5:
474 3241 542 3305 “iro
558 3241 719 3320 πατρίδα
735 3242 784 3304 καὶ
798 3241 908 3315 γένος
924 3241 973 3303 καὶ
989 3239 1160 3316 ςώματος
1176 3237 1338 3318 εὐφυίαν
1354 3244 1405 3303 καὶ
1420 3244 1486 3318 τήν

357 3343 499 3411 ἔξωθεν
522 3343 774 3421 περιφάνειαν
798 3341 980 3418 καὶτᾶλλα,
1004 3339 1050 3405 οἷς
1072 3342 1151 3419 μέγα
1175 3333 1349 3421 φρονοῦςιν
1363 3343 1486 3422 ἄνθρω-

356 3467 418 3529 ποι,
445 3450 510 3510 τοῖς
536 3452 601 3510 τῶν
630 3445 791 3523 ἐγκωμίων
821 3444 932 3522 νόμοις
958 3445 1067 3521 παρεὶς
1095 3443 1218 3507 ἐκτῶν
1246 3444 1320 3522 ἡμῖν
1349 3448 1485 3525 πρώτων

357 3550 407 3611 καὶ
430 3547 629 3611 οἰκειοτάτων
654 3547 794 3626 ἄρξωμαι
813 3546 883 3611 κτλ.’
915 3545 1041 3609 Omittit
1063 3547 1162 3630 igitur
1184 3547 1305 3611 τόπους
1327 3550 1486 3626 πατρίδος,

356 3651 478 3732 γένους,
499 3649 635 3714 κάλλους
655 3669 804 3732 eumque,
827 3668 921 3730 quem
943 3649 1088 3712 rhetores
1107 3650 1147 3712 τὰ
1173 3654 1230 3728 τῆς
1248 3649 1343 3729 τύχης
1363 3655 1485 3714 vocant

357 3750 472 3833 Neque
488 3771 564 3815 vero
580 3751 675 3834 plana
695 3771 798 3835 genus
822 3769 1072 3814 commemorare
1093 3751 1287 3835 supersedit:
1313 3753 1487 3818 confitetur

358 3858 481 3938 patrem
506 3853 577 3918 looo
605 3855 737 3918 minime
762 3853 916 3917 laudabili
947 3858 1065 3934 ortum;
1098 3874 1174 3919 eum
1204 3857 1290 3919 enim
1321 3875 1423 3939 aeque
1451 3875 1486 3920 aa

323 3999 326 4004 -
358 3959 494 4020 maiores
524 3961 630 4020 saetae
659 3957 937 4041 Hypsistam'orum
965 3957 1128 4020 addictum
1157 3959 1267 4022 fuisse.
1310 3959 1358 4022 Flo
1387 3960 1485 4042 magis

358 4066 466 4124 autem
498 4060 689 4124 laudandam
725 4081 795 4125 esse
830 4062 898 4124 sive
931 4059 992 4123 Dei
1023 4061 1157 4142 gratiam
1189 4061 1257 4124 sive
1290 4060 1485 4126 voluntatem

357 4163 454 4245 illiue,
478 4183 541 4245 qua
564 4164 684 4226 lactum
709 4165 758 4245 sit,
787 4168 824 4226 ut
846 4162 926 4226 falsa
949 4181 987 4225 ao
1009 4181 1160 4245 perversa
1182 4162 1310 4225 illorum
1334 4163 1484 4243 doctrina

359 4285 423 4347 qua
445 4285 526 4349 puer
548 4265 689 4329 imbutus
713 4269 788 4347 erat
812 4264 936 4329 abieoto
955 4264 1208 4328 Christianorum
1225 4264 1324 4328 fidem
1349 4267 1484 4349 amplec-

360 4374 483 4432 teretur
505 4371 565 4451 (ep.
584 4369 623 4448 5).
663 4368 726 4432 Sed
750 4367 866 4430 multos
890 4367 1036 4430 homines
1061 4367 1248 4431 Christianis
1272 4369 1393 4451 optimo
1416 4369 1483 4431 iure
