3240 5252
824 440 943 494 Petrus
966 439 1058 506 Reis,

868 1271 971 1354 Oaput
993 1271 1017 1336 Ι.

692 1454 694 1458 -
781 1414 839 1479 DE
867 1413 1100 1479 CODICIBUS.

467 1556 539 1621 Duo
563 1563 638 1622 sunt
657 1560 786 1622 omniuo
802 1577 920 1641 genera
940 1557 1096 1621 librorum
1119 1559 1437 1640 manuscriptorum,
1455 1559 1510 1640 qui

377 1661 456 1724 huic
479 1663 574 1725 aetati
597 1666 807 1726 servaverunt
828 1659 994 1724 Oratorem
1016 1659 1213 1724 Tullianum:
1239 1660 1380 1724 alterum
1403 1665 1510 1725 vetus-

376 1762 495 1826 tiorum
511 1768 544 1827 et
557 1765 753 1846 mutilorum,
766 1783 905 1846 quorum
917 1763 1071 1846 optimum
1088 1766 1122 1826 et
1136 1764 1347 1828 veterrimum
1364 1764 1507 1828 codicem

376 1865 611 1930 Abrincensem
632 1866 727 1930 simul
747 1869 927 1930 ceterorum
943 1865 1156 1949 archetypum
1172 1885 1243 1931 esse
1261 1866 1509 1950 Heerdegenius

377 1967 494 2050 docuit,
511 1969 642 2032 alterum
660 1971 859 2052 integrorum
875 1973 907 2032 et
922 1969 1144 2050 recentiorum,
1162 1989 1299 2051 quorum
1318 1969 1394 2033 fons
1413 1977 1510 2052 atque

377 2071 466 2153 origo
491 2071 593 2135 codex
618 2071 748 2154 quidam
771 2069 947 2135 laudensis
971 2070 1071 2134 firisse
1095 2070 1221 2135 dicitur.

539 2251 557 2331 ξ
584 2253 610 2314 1.
658 2250 709 2314 De
737 2249 870 2314 codice
894 2249 1126 2314 Abrincensi
1156 2251 1228 2313 238
1250 2281 1284 2303 =
1305 2252 1344 2314 A.

468 2375 577 2440 Codex
599 2375 810 2439 Abrincensis
839 2376 903 2439 238
928 2406 961 2428 =
984 2377 1027 2457 A,
1056 2374 1332 2458 membranaceus,
1364 2377 1510 2441 continet

376 2481 544 2563 sexaginta
566 2480 651 2544 loliis
673 2479 722 2544 De
747 2482 871 2543 oratore
893 2477 992 2540 libros
1015 2475 1079 2559 (iol.
1105 2479 1248 2555 1—50r)
1276 2482 1310 2541 et
1339 2477 1507 2544 Oratorem

375 2582 441 2666 (fol.
456 2583 641 2669 etr-60),
657 2587 830 2664 utrumque
844 2579 1007 2644 Ciceronis
1023 2579 1215 2662 opusculum
1230 2579 1423 2645 mutilatum.
1442 2580 1508 2646 De-

376 2685 557 2749 siderantur
580 2685 674 2766 enim,
697 2686 733 2748 ut
755 2683 802 2747 De
822 2687 946 2746 oratore
963 2681 1061 2745 libros
1084 2682 1342 2764 praetermittam,
1363 2682 1508 2747 Oratoris

377 2805 423 2867 ea,
448 2804 528 2867 quae
552 2804 640 2848 nuuc
663 2784 702 2849 ab
725 2784 817 2847 initio
842 2783 911 2847 eius
930 2781 1029 2846 libelli
1046 2781 1201 2864 leguntur
1217 2803 1321 2866 usque
1345 2785 1385 2848 ad
1411 2787 1429 2867 ᾗ
1448 2787 1505 2849 91;

375 2896 512 2974 -toque
534 2889 693 2970 robustius,
717 2908 814 2970 quam
836 2887 984 2952 lacunam
1006 2885 1163 2950 indicavit
1190 2887 1253 2970 (fol.
1275 2889 1356 2970 50v,
1380 2891 1401 2953 i.
1422 2909 1448 2954 e.
1473 2891 1507 2952 in

377 3009 480 3055 vacua
503 2990 711 3055 antecedente
730 2990 856 3073 pagina)
879 2989 1027 3052 librarius
1051 2988 1182 3071 quidam
1201 2990 1322 3054 saeculi
1340 2993 1430 3056 tertii
1453 2991 1506 3056 de·

378 3095 454 3158 oirni
469 3093 611 3157 ineuntis
620 3094 643 3174 ¹)
659 3093 748 3157 hisce
764 3092 884 3156 verbis:
901 3091 950 3156 lic
965 3092 1045 3156 deest
1056 3099 1233 3178 quaternus,
1250 3098 1282 3157 et
1294 3095 1411 3176 omnia,
1424 3114 1506 3177 quae

377 3201 454 3262 sunt
470 3198 555 3261 inter
573 3196 671 3260 verba
685 3181 859 3261 trochaeum
877 3215 935 3280 quo
953 3197 1035 3259 euim
1054 3196 1085 3277 (ᾗ
1104 3197 1178 3278 191)
1199 3200 1230 3259 et
1249 3234 1276 3241 -
1290 3219 1351 3282 per
1371 3205 1506 3262 versetur

374 3322 484 3388 quaere
502 3297 533 3385 (ᾗ
551 3300 635 3381 231),
660 3318 762 3382 eaque
781 3298 851 3380 ipsa
870 3297 968 3361 verba
986 3297 1075 3360 nullo
1100 3299 1201 3380 spatio
1220 3297 1405 3363 intermisso
1430 3320 1505 3364 con-

377 3406 546 3468 tinuantur
568 3402 631 3485 (fol.
649 3403 690 3466 60
698 3403 765 3484 r)²).
796 3403 972 3465 lituratum
994 3404 1101 3465 antem
1125 3420 1195 3466 esse
1219 3401 1364 3468 codicem
1388 3404 1505 3469 Abrin-

378 3505 674 3572 censemaduabus
683 3505 840 3588 manibus
851 3524 987 3587 quarum
999 3504 1098 3568 altera
1106 3505 1201 3588 paulo
1210 3505 1369 3570 vetustior
1378 3507 1505 3570 saeculo
1614 3523 1615 3532 ¹

378 3630 463 3674 nono
485 3614 610 3693 partem
633 3607 680 3673 De
704 3613 828 3673 oratore
850 3608 1007 3672 librorum
1030 3607 1263 3690 conscripserit,
1287 3608 1387 3672 altera
1408 3609 1504 3691 paulo

378 3713 539 3776 recentior
548 3730 602 3776 eos
611 3711 806 3795 suppleverit
816 3709 1018 3775 etOratorem
1027 3710 1260 3792 adiunxeritin
1269 3711 1504 3794 prolegomenis
1614 3741 1615 3756 1

379 3814 526 3879 editionis
532 3813 770 3879 Teubnerianae
783 3814 915 3897 exponit
924 3813 1176 3895 Heerdegenius,
1187 3813 1243 3894 qui
1254 3812 1347 3874 illum
1361 3812 1504 3877 codicem
1614 3795 1615 3832 ³

379 3917 418 3980 ab
433 3915 583 3981 Eduardo
601 3915 646 3981 Le
662 3915 821 3981 Hericher
843 3917 982 3999 primum
1002 3912 1191 3997 iterumque
1207 3935 1226 3978 a
1244 3915 1502 3980 Schneidewinio

471 4075 490 4144 ¹)
508 4075 678 4144 Heerdegen,
698 4074 740 4128 ed.
757 4074 827 4142 prol.
841 4089 903 4142 pag.
916 4073 964 4140 v1;
984 4072 1091 4141 Stangl,
1110 4072 1151 4126 Bl.
1169 4071 1187 4125 f.
1201 4072 1227 4126 b.
1242 4072 1271 4127 G.
1284 4073 1334 4142 21,
1348 4075 1398 4142 263
1418 4074 1503 4128 Heer-
1614 4136 1615 4155 ,

379 4161 476 4228 degen,
495 4159 535 4213 Bl.
549 4160 566 4214 f.
581 4159 607 4212 b.
622 4159 651 4214 G.
666 4159 782 4229 22,100.
1614 4167 1615 4170 ’

470 4243 491 4314 ²)
516 4243 651 4300 Conferas
675 4243 780 4300 codicis
799 4245 823 4298 A
841 4244 1039 4312 imitationem,
1064 4259 1135 4313 quae
1159 4243 1302 4298 invenitur
1325 4243 1355 4296 in
1380 4242 1501 4297 editione

381 4328 593 4397 Cantabrigensi
612 4329 721 4384 a1885
741 4345 758 4383 a
776 4328 914 4398 Sandysio
934 4332 1038 4383 curata.
