3270 5250
165 461 258 548 [311]
507 467 546 520 De
564 463 805 520 Pseudo-Luciam
823 464 981 520 Amoribus.
1260 459 1302 523 49

165 641 276 706 cidum
296 641 441 705 videtur.
465 637 545 701 Nam
564 639 598 700 in
616 637 714 701 rebus
737 635 886 700 Cnidiis
910 633 1128 702 describendis
1147 637 1178 699 ei
1201 635 1304 702 idem

165 744 252 826 quod
283 744 320 806 in
347 742 560 806 Milesiacis
584 743 781 826 propositum
803 743 903 808 fuisse
927 745 999 826 quis
1028 745 1076 806 est
1104 743 1182 825 quin
1210 745 1305 810 intel·

164 847 275 930 legat?
298 845 525 910 Fundamenta
542 843 753 928 geographica
771 844 914 927 mythico
932 845 1083 908 historica
1102 845 1157 908 illa
1173 846 1304 929 quidem

164 955 298 1033 propter
316 951 544 1031 argumentum
562 949 663 1030 magis
680 946 850 1011 definitum
867 949 1049 1011 conservari
1069 966 1149 1030 opus
1166 953 1233 1012 erat
1251 951 1303 1031 (cf.

155 1054 237 1116 eius
257 1052 394 1135 generis
413 1049 590 1132 fragmenta
611 1047 706 1114 ΒΗΘ.
722 1049 769 1112 IV
786 1050 828 1113 22
845 1069 890 1132 sq.
913 1071 942 1133 p.
957 1051 1021 1113 324
1037 1049 1103 1133 sq.),
1126 1053 1234 1114 tamen
1254 1052 1304 1118 his

165 1155 323 1218 omnibus
342 1172 424 1216 usus
443 1157 499 1234 est,
523 1158 559 1216 ut
578 1171 669 1215 suam
687 1170 764 1234 rem,
783 1152 855 1216 dico
874 1153 1089 1217 narrationem
1108 1153 1193 1217 illam
1218 1175 1304 1220 ama·

164 1258 293 1338 teriam,
311 1255 479 1340 proferret.
504 1253 606 1332 Quem
623 1255 662 1318 ad
681 1253 781 1318 finem
795 1255 981 1319 Cnidiorum
1000 1257 1150 1340 oppidum
1167 1257 1304 1326 Veneris

162 1361 344 1424 simulacro
358 1363 465 1440 aptam
478 1360 572 1439 atque
585 1356 738 1421 idoneum
747 1356 848 1422 fuisse
861 1379 972 1424 omnes
984 1359 1174 1424 concedunt.
1190 1361 1303 1444 Itaque

164 1463 251 1528 hanc
268 1462 440 1526 statuerim
456 1462 682 1524 coniecturam.
698 1459 825 1544 Dialogi
841 1462 943 1526 nostri
958 1465 1070 1526 auctor
1084 1483 1103 1526 a
1118 1463 1302 1531 Ptolemaeo

166 1564 319 1646 chanun,
346 1565 403 1646 qui
427 1569 463 1626 ut
485 1563 565 1628 solet
588 1569 734 1628 auctores
759 1583 952 1630 enumerans
975 1565 1150 1631 Aristidem
1173 1586 1303 1650 qnoque

165 1665 322 1748 laudavit,
348 1665 507 1730 adductus
527 1671 582 1748 est,
601 1668 639 1729 ut
655 1667 752 1730 huius
771 1670 966 1732 mentionem
985 1667 1120 1748 faceret3
1146 1669 1207 1732 hoc
1226 1689 1302 1736 vero

165 1771 212 1833 ita
235 1770 390 1851 instituit
414 1775 451 1832 ut
474 1769 648 1834 eiusmodi
672 1768 852 1834 libellorum
871 1770 1014 1835 indolem
1032 1775 1128 1853 atque
1147 1775 1303 1856 composi·

166 1874 292 1937 tionem
318 1872 511 1936 observaret.

262 1976 396 2041 Summa
419 1975 517 2058 igitur
540 1975 636 2038 huius
661 1975 774 2057 capitis
798 1976 877 2041 haec
901 1981 963 2040 est:

260 2077 649 2142 Pseudo-Lucienum
666 2077 710 2142 de
726 2079 841 2143 rebus
857 2077 1004 2144 Cnidiis
1021 2080 1168 2162 agentem
1179 2078 1303 2144 Ptole-

167 2201 274 2247 maeo
307 2182 463 2246 Chenno
494 2201 589 2244 usum
618 2199 687 2245 esse
715 2182 871 2262 vidimus;
896 2187 973 2261 tum,
1004 2199 1085 2262 quae
1115 2181 1169 2245 hic
1199 2181 1302 2264 affert,

168 2305 207 2350 ea
235 2285 391 2350 recedere
420 2283 459 2346 ad
488 2283 737 2366 Posidippum
765 2282 1105 2365 ἐπιγραμματογράφον
1130 2283 1302 2348 admodum

167 2389 335 2472 probabile
354 2405 424 2450 esse
443 2386 647 2469 collegimus3
665 2385 805 2467 denique
820 2388 905 2450 inter
920 2384 1128 2467 Posidippum
1146 2389 1178 2448 et
1197 2384 1302 2450 Ptole-

168 2512 299 2555 maeum
314 2489 524 2554 inserendum
542 2509 612 2554 esse
625 2488 837 2553 Aristidem
852 2491 1087 2565 Μιληειακών
1107 2492 1302 2551 auctorem

168 2597 378 2660 coniecimns

259 2700 328 2763 lam
354 2718 443 2761 nuno
467 2699 598 2776 ἐρώτων
618 2697 730 2760 aetatis
750 2699 906 2760 terminus
925 2700 997 2779 post
1016 2714 1112 2777 quem
1131 2699 1167 2757 ut
1189 2694 1302 2757 dicunt

167 2803 264 2868 alleri
279 2808 360 2887 post,
384 2821 499 2884 nempe
518 2801 694 2864 Ptolemaei
717 2799 841 2864 Chenni
860 2805 1019 2882 tempora;
1044 2798 1210 2863 ‘temrinus
1230 2804 1302 2880 post

168 2926 265 2989 quem
295 2907 373 2970 non'
403 2904 548 2967 habenda
577 2907 625 2966 est
648 2903 754 2966 adhuc
778 2908 864 2966 aetas
888 2901 961 2965 libri
981 2902 999 2964 Γ
1026 2902 1076 2965 vel
1101 2903 1206 2984 potius
1230 2901 1300 2964 eius

167 3010 415 3074 adnotationum
438 3008 489 3089 (H.
505 3008 602 3089 Rabe‚
626 3006 725 3070 schol.
750 3005 893 3087 Luciani,
916 3005 990 3086 Ill),
1013 3008 1050 3067 ut
1073 3003 1111 3066 ad
1136 3003 1301 3068 saeculum

165 3112 248 3176 VIII
271 3112 398 3196 regredi
422 3111 559 3188 liceatlt.

262 3255 280 3323 ¹)
299 3255 374 3308 Ante
410 3269 515 3307 annum
541 3271 565 3322 p.
581 3252 644 3305 Chr.
662 3267 689 3304 n.
704 3249 1009 3319 quadringentesimum
1035 3249 1093 3302 lere
1117 3253 1209 3304 ortum
1236 3264 1301 3306 esse

166 3340 312 3408 dialogum
332 3338 411 3407 prius
424 3338 489 3392 inde
504 3336 729 3394 concludendum
742 3335 846 3403 putavi,
866 3338 940 3404 quod
956 3341 1016 3391 tum
1028 3336 1176 3392 Praxitelis
1190 3335 1302 3405 signnm

165 3425 198 3479 in
222 3419 363 3480 Lauseum
392 3420 737 3490 Constantinopolitanum
761 3419 885 3474 delatum
909 3426 959 3489 est,
985 3421 1033 3475 ubi
1059 3437 1134 3475 anno
1156 3421 1211 3474 476
1236 3421 1301 3490 igne

168 3510 254 3580 periit
260 3529 266 3578 ;
288 3511 323 3564 cf.
338 3509 367 3561 F.
381 3509 421 3561 W.
436 3509 536 3578 Unger,
556 3506 673 3574 Quellen
687 3504 711 3557 d.
725 3505 837 3573 byzant.
851 3505 1034 3574 Kunslgesch.
1047 3506 1086 3575 (1)
1105 3506 1183 3571 1878,
1203 3505 1259 3558 ind.
1274 3525 1300 3562 v.

166 3595 261 3663 Laus,
276 3596 298 3649 J.
314 3595 342 3647 P.
357 3593 480 3663 Richter,
500 3592 618 3662 Quellen
636 3591 661 3645 d.
676 3592 737 3661 byz.
751 3593 849 3646 Kunst.
864 3592 956 3662 (1897)
974 3593 1031 3647 ind.
1046 3610 1067 3646 s,
1081 3611 1105 3646 v.
1127 3593 1181 3650 Sed
1195 3609 1259 3648 cum
1273 3599 1301 3650 et

166 3681 332 3738 auctoribus
351 3694 420 3731 usus
440 3679 476 3732 sit
495 3681 592 3732 noster
611 3681 638 3730 et
657 3679 786 3732 consulto
805 3678 948 3733 subditum
961 3696 1023 3733 esse
1036 3679 1161 3734 libellum
1173 3678 1299 3735 Lucianc

165 3765 312 3835 probaturi
333 3767 429 3833 simne,
453 3765 507 3818 hoc
532 3765 725 3831 argumentum
745 3765 845 3818 afferre
869 3780 927 3818 non
950 3765 1030 3830 licet3
1054 3764 1107 3817 hoc
1126 3780 1171 3816 me
1190 3765 1300 3823 monuit

165 3851 234 3906 Keil.
249 3851 411 3904 —Revera
430 3853 523 3904 autem
543 3850 684 3918 dialogum
703 3854 768 3905 ante
789 3866 893 3905 annum
912 3848 1217 3920 quadringentesimum
1231 3865 1300 3906 con-

166 3937 304 4005 scriptum
324 3949 388 3986 esse
416 3949 478 3987 cnm
498 3951 543 3988 me
564 3934 766 4003 explicaturum
787 3953 905 4006 sperem,
926 3935 986 3991 fieri
1005 3939 1106 4004 potest,
1126 3937 1157 3987 ut
1175 3934 1299 3992 Pseudo-

163 4023 310 4078 Lucianus
330 4021 422 4088 ipsam
443 4020 562 4075 Cnidum
581 4020 693 4088 obierit;
714 4023 788 4090 quod
807 4022 872 4076 licet
891 4023 962 4078 alios
982 4024 1096 4074 secutus
1115 4019 1159 4084 sit,
1178 4035 1234 4072 non
1256 4030 1300 4081 est

163 4106 380 4178 neglegendum,
401 4121 463 4158 cum
484 4123 506 4159 e.
527 4123 550 4174 g.
571 4107 665 4159 vultus
685 4106 756 4160 deae
778 4107 1004 4177 descriptionem,
1024 4121 1087 4173 qua·
1101 4103 1227 4157 adhibita
1243 4105 1299 4165 viri

163 4194 248 4263 docti,
259 4197 291 4247 ut
301 4189 457 4259 Michaelis
472 4191 568 4244 Journ.
578 4190 647 4244 Hell.
661 4191 737 4246 Stud.
751 4192 819 4247 1887
833 4194 891 4248 Vlll
903 4193 957 4248 324
966 4209 1015 4260 sq„
1026 4188 1173 4243 Praxitelis
1186 4187 1299 4256 signum

163 4291 371 4349 recognoscere
392 4275 566 4342 studuerunt,
582 4291 634 4328 sua
648 4279 748 4343 sponte
763 4280 847 4344 atque
864 4277 1003 4332 rhetorice
1019 4275 1053 4345 (v.
1066 4271 1232 4326 AchillTat.
1247 4273 1257 4325 l
1272 4277 1300 4348 5)

162 4379 304 4420 exornare
325 4365 408 4427 atque
428 4360 568 4415 illustrare
588 4363 690 4428 posset.
