<?xml version="1.0" encoding="UTF-8"?>
<!DOCTYPE html PUBLIC "-//W3C//DTD XHTML 1.0 Transitional//EN"
    "http://www.w3.org/TR/xhtml1/DTD/xhtml1-transitional.dtd">
<html xmlns="http://www.w3.org/1999/xhtml" xml:lang="en" lang="en">
 <head>
  <title>
</title>
<meta http-equiv="Content-Type" content="text/html;charset=utf-8" />
  <meta name='ocr-system' content='tesseract 3.04.00' />
  <meta name='ocr-capabilities' content='ocr_page ocr_carea ocr_par ocr_line ocrx_word'/>
</head>
<body>
  <div class='ocr_page' id='page_1' title='image "./dissertationesp01unkngoog_0204.png"; bbox 0 0 3240 5252; ppageno 0'>
   <div class='ocr_carea' id='block_1_1' title="bbox 138 493 1269 579">
    <p class='ocr_par' dir='ltr' id='par_1_1' title="bbox 138 493 1269 579">
     <span class='ocr_line' id='line_1_1' title="bbox 138 493 1269 579; baseline 0.004 -23"><span class='ocrx_word' id='word_1_1' title='bbox 138 493 225 579; x_wconf 80' lang='lat'><strong>[179]</strong></span> <span class='ocrx_word' id='word_1_2' title='bbox 585 501 684 556; x_wconf 85' lang='lat' dir='ltr'><strong>Studia</strong></span> <span class='ocrx_word' id='word_1_3' title='bbox 702 501 840 556; x_wconf 82' lang='lat' dir='ltr'><strong>Tulliana.</strong></span> <span class='ocrx_word' id='word_1_4' title='bbox 1229 493 1269 561; x_wconf 83' lang='lat'><strong>19</strong></span> 
     </span>
    </p>
   </div>
   <div class='ocr_carea' id='block_1_2' title="bbox 135 668 1270 1275">
    <p class='ocr_par' dir='ltr' id='par_1_2' title="bbox 135 668 1270 1275">
     <span class='ocr_line' id='line_1_2' title="bbox 137 668 1270 760; baseline 0.001 -23"><span class='ocrx_word' id='word_1_5' title='bbox 137 693 202 737; x_wconf 84' lang='lat' dir='ltr'><strong>rom</strong></span> <span class='ocrx_word' id='word_1_6' title='bbox 234 669 320 736; x_wconf 89' lang='lat' dir='ltr'>P¹O¹</span> <span class='ocrx_word' id='word_1_7' title='bbox 355 711 400 722; x_wconf 97' lang='lat'>—</span> <span class='ocrx_word' id='word_1_8' title='bbox 432 677 452 754; x_wconf 67' lang='grc' dir='ltr'><strong>ξ</strong></span> <span class='ocrx_word' id='word_1_9' title='bbox 481 672 542 736; x_wconf 89' lang='grc'><strong>159</strong></span> <span class='ocrx_word' id='word_1_10' title='bbox 574 672 638 756; x_wconf 84' lang='grc'><strong>(56,</strong></span> <span class='ocrx_word' id='word_1_11' title='bbox 650 675 691 755; x_wconf 74' lang='lat'><strong>1³)</strong></span> <span class='ocrx_word' id='word_1_12' title='bbox 722 695 834 760; x_wconf 76' lang='lat' dir='ltr'><strong>quaere</strong></span> <span class='ocrx_word' id='word_1_13' title='bbox 859 668 964 738; x_wconf 69' lang='lat' dir='ltr'><strong>Alto*</strong></span> <span class='ocrx_word' id='word_1_14' title='bbox 993 695 1089 760; x_wconf 83' lang='lat' dir='ltr'><strong>quare</strong></span> <span class='ocrx_word' id='word_1_15' title='bbox 1117 671 1196 739; x_wconf 79' lang='lat'>1³0¹.</span> <span class='ocrx_word' id='word_1_16' title='bbox 1226 710 1270 724; x_wconf 89' lang='lat'>-</span> 
     </span>
     <span class='ocr_line' id='line_1_3' title="bbox 138 769 1270 860; baseline 0.005 -24"><span class='ocrx_word' id='word_1_17' title='bbox 138 775 155 855; x_wconf 60' lang='grc' dir='ltr'>ᾗ</span> <span class='ocrx_word' id='word_1_18' title='bbox 173 773 233 837; x_wconf 91' lang='grc'><strong>161</strong></span> <span class='ocrx_word' id='word_1_19' title='bbox 256 773 323 858; x_wconf 85' lang='grc'><strong>(57,</strong></span> <span class='ocrx_word' id='word_1_20' title='bbox 336 777 362 856; x_wconf 82' lang='lat' dir='ltr'><strong>o)</strong></span> <span class='ocrx_word' id='word_1_21' title='bbox 383 775 446 840; x_wconf 84' lang='lat' dir='ltr'><strong>dae</strong></span> <span class='ocrx_word' id='word_1_22' title='bbox 460 769 527 839; x_wconf 68' lang='lat' dir='ltr'><strong>FO*</strong></span> <span class='ocrx_word' id='word_1_23' title='bbox 549 777 630 841; x_wconf 83' lang='lat' dir='ltr'><strong>duee</strong></span> <span class='ocrx_word' id='word_1_24' title='bbox 645 773 763 840; x_wconf 77' lang='lat' dir='ltr'>AP012</span> <span class='ocrx_word' id='word_1_25' title='bbox 787 773 869 841; x_wconf 91' lang='lat' dir='ltr'><strong>bene</strong></span> <span class='ocrx_word' id='word_1_26' title='bbox 885 772 1047 840; x_wconf 82' lang='lat' dir='ltr'><strong>Barzinius</strong></span> <span class='ocrx_word' id='word_1_27' title='bbox 1066 778 1101 840; x_wconf 92' lang='lat' dir='ltr'><strong>in</strong></span> <span class='ocrx_word' id='word_1_28' title='bbox 1120 797 1142 860; x_wconf 87' lang='lat' dir='ltr'>y</span> <span class='ocrx_word' id='word_1_29' title='bbox 1162 796 1270 842; x_wconf 90' lang='lat' dir='ltr'><strong>emen-</strong></span> 
     </span>
     <span class='ocr_line' id='line_1_4' title="bbox 137 872 1270 964; baseline 0.006 -25"><span class='ocrx_word' id='word_1_30' title='bbox 137 875 220 940; x_wconf 80' lang='lat' dir='ltr'>davit</span> <span class='ocrx_word' id='word_1_31' title='bbox 242 873 335 940; x_wconf 88' lang='lat' dir='ltr'><strong>illam</strong></span> <span class='ocrx_word' id='word_1_32' title='bbox 360 876 502 960; x_wconf 85' lang='lat' dir='ltr'><strong>quamL</strong></span> <span class='ocrx_word' id='word_1_33' title='bbox 525 872 679 942; x_wconf 81' lang='lat' dir='ltr'>habuerat</span> <span class='ocrx_word' id='word_1_34' title='bbox 695 877 831 942; x_wconf 80' lang='lat' dir='ltr'><strong>formam</strong></span> <span class='ocrx_word' id='word_1_35' title='bbox 854 877 916 945; x_wconf 83' lang='lat' dir='ltr'><strong>duo</strong></span> <span class='ocrx_word' id='word_1_36' title='bbox 934 877 967 943; x_wconf 91' lang='lat' dir='ltr'><strong>in</strong></span> <span class='ocrx_word' id='word_1_37' title='bbox 991 877 1188 964; x_wconf 81' lang='lat' dir='ltr'><strong>femininam,</strong></span> <span class='ocrx_word' id='word_1_38' title='bbox 1212 881 1270 946; x_wconf 89' lang='lat' dir='ltr'><strong>sed</strong></span> 
     </span>
     <span class='ocr_line' id='line_1_5' title="bbox 136 977 1269 1066; baseline 0.007 -24"><span class='ocrx_word' id='word_1_39' title='bbox 136 979 230 1044; x_wconf 87' lang='lat' dir='ltr'><strong>stulte</strong></span> <span class='ocrx_word' id='word_1_40' title='bbox 247 979 289 1044; x_wconf 74' lang='lat'><strong>0²</strong></span> <span class='ocrx_word' id='word_1_41' title='bbox 308 977 453 1044; x_wconf 82' lang='lat' dir='ltr'><strong>nativam</strong></span> <span class='ocrx_word' id='word_1_42' title='bbox 468 980 606 1046; x_wconf 84' lang='lat' dir='ltr'><strong>reduxit.</strong></span> <span class='ocrx_word' id='word_1_43' title='bbox 622 1016 667 1030; x_wconf 88' lang='grc'><strong>-</strong></span> <span class='ocrx_word' id='word_1_44' title='bbox 683 983 702 1064; x_wconf 64' lang='lat' dir='ltr'>g</span> <span class='ocrx_word' id='word_1_45' title='bbox 721 982 784 1046; x_wconf 87' lang='grc'><strong>168</strong></span> <span class='ocrx_word' id='word_1_46' title='bbox 804 981 868 1066; x_wconf 83' lang='grc'><strong>(60,</strong></span> <span class='ocrx_word' id='word_1_47' title='bbox 880 983 906 1066; x_wconf 87' lang='lat' dir='ltr'><strong>s)</strong></span> <span class='ocrx_word' id='word_1_48' title='bbox 925 977 992 1049; x_wconf 74' lang='lat' dir='ltr'><strong>eidi</strong></span> <span class='ocrx_word' id='word_1_49' title='bbox 1005 1005 1074 1049; x_wconf 84' lang='lat' dir='ltr'><strong>eam</strong></span> <span class='ocrx_word' id='word_1_50' title='bbox 1089 977 1145 1049; x_wconf 67' lang='grc' dir='ltr'><strong>ΕΑ</strong></span> <span class='ocrx_word' id='word_1_51' title='bbox 1162 983 1269 1050; x_wconf 77' lang='lat' dir='ltr'><strong>iudica</strong></span> 
     </span>
     <span class='ocr_line' id='line_1_6' title="bbox 135 1077 1270 1170; baseline 0.005 -23"><span class='ocrx_word' id='word_1_52' title='bbox 135 1081 197 1147; x_wconf 77' lang='lat' dir='ltr'><strong>Po,</strong></span> <span class='ocrx_word' id='word_1_53' title='bbox 214 1122 259 1130; x_wconf 93' lang='lat'>-</span> <span class='ocrx_word' id='word_1_54' title='bbox 277 1085 296 1166; x_wconf 69' lang='lat' dir='ltr'><strong>g</strong></span> <span class='ocrx_word' id='word_1_55' title='bbox 312 1085 378 1147; x_wconf 78' lang='lat'><strong>174</strong></span> <span class='ocrx_word' id='word_1_56' title='bbox 394 1083 457 1164; x_wconf 71' lang='lat' dir='ltr'><strong>(sa,</strong></span> <span class='ocrx_word' id='word_1_57' title='bbox 471 1086 510 1165; x_wconf 71' lang='lat' dir='ltr'><strong>a)</strong></span> <span class='ocrx_word' id='word_1_58' title='bbox 529 1085 564 1149; x_wconf 78' lang='lat' dir='ltr'><strong>a</strong></span> <span class='ocrx_word' id='word_1_59' title='bbox 578 1085 623 1150; x_wconf 72' lang='lat' dir='ltr'><strong>vet</strong></span> <span class='ocrx_word' id='word_1_60' title='bbox 638 1077 777 1149; x_wconf 62' lang='lat' dir='ltr'><strong>semo*</strong></span> <span class='ocrx_word' id='word_1_61' title='bbox 794 1081 875 1152; x_wconf 76' lang='lat' dir='ltr'><strong>elea</strong></span> <span class='ocrx_word' id='word_1_62' title='bbox 889 1083 984 1150; x_wconf 67' lang='lat' dir='ltr'><strong>mot</strong></span> <span class='ocrx_word' id='word_1_63' title='bbox 1000 1121 1043 1133; x_wconf 83' lang='lat'>-</span> <span class='ocrx_word' id='word_1_64' title='bbox 1061 1088 1079 1169; x_wconf 70' lang='lat' dir='ltr'><strong>s</strong></span> <span class='ocrx_word' id='word_1_65' title='bbox 1098 1085 1159 1152; x_wconf 77' lang='lat'><strong>187</strong></span> <span class='ocrx_word' id='word_1_66' title='bbox 1177 1086 1229 1170; x_wconf 76' lang='lat' dir='ltr'><strong>(or</strong></span> <span class='ocrx_word' id='word_1_67' title='bbox 1243 1085 1270 1170; x_wconf 65' lang='lat' dir='ltr'><strong>a)</strong></span> 
     </span>
     <span class='ocr_line' id='line_1_7' title="bbox 136 1181 1270 1275; baseline 0.004 -25"><span class='ocrx_word' id='word_1_68' title='bbox 136 1189 214 1272; x_wconf 80' lang='lat' dir='ltr'><strong>quoe</strong></span> <span class='ocrx_word' id='word_1_69' title='bbox 231 1191 259 1253; x_wconf 85' lang='lat' dir='ltr'><strong>et</strong></span> <span class='ocrx_word' id='word_1_70' title='bbox 279 1191 309 1254; x_wconf 80' lang='lat' dir='ltr'><strong>si</strong></span> <span class='ocrx_word' id='word_1_71' title='bbox 324 1195 368 1253; x_wconf 84' lang='lat' dir='ltr'><strong>est</strong></span> <span class='ocrx_word' id='word_1_72' title='bbox 387 1195 416 1252; x_wconf 85' lang='lat' dir='ltr'><strong>et</strong></span> <span class='ocrx_word' id='word_1_73' title='bbox 435 1193 566 1275; x_wconf 70' lang='lat' dir='ltr'><strong>oppane</strong></span> <span class='ocrx_word' id='word_1_74' title='bbox 584 1181 694 1252; x_wconf 72' lang='grc' dir='ltr'><strong>ἘῬὈι</strong></span> <span class='ocrx_word' id='word_1_75' title='bbox 708 1191 793 1272; x_wconf 84' lang='lat' dir='ltr'><strong>(vet.)</strong></span> <span class='ocrx_word' id='word_1_76' title='bbox 816 1195 845 1254; x_wconf 85' lang='lat' dir='ltr'><strong>et</strong></span> <span class='ocrx_word' id='word_1_77' title='bbox 863 1205 923 1254; x_wconf 90' lang='lat' dir='ltr'><strong>om.</strong></span> <span class='ocrx_word' id='word_1_78' title='bbox 940 1185 1071 1253; x_wconf 84' lang='lat' dir='ltr'><strong>AP¹O¹:</strong></span> <span class='ocrx_word' id='word_1_79' title='bbox 1092 1183 1270 1255; x_wconf 81' lang='lat' dir='ltr'><strong>Laudensis</strong></span> 
     </span>
    </p>
   </div>
   <div class='ocr_carea' id='block_1_3' title="bbox 22 1286 1268 1374">
    <p class='ocr_par' dir='ltr' id='par_1_3' title="bbox 22 1286 1268 1374">
     <span class='ocr_line' id='line_1_8' title="bbox 22 1286 1268 1374; baseline 0.004 -22"><span class='ocrx_word' id='word_1_80' title='bbox 22 1339 23 1352; x_wconf 67' lang='grc'><strong>,</strong></span> <span class='ocrx_word' id='word_1_81' title='bbox 134 1289 307 1356; x_wconf 88' lang='lat' dir='ltr'><strong>lectionem</strong></span> <span class='ocrx_word' id='word_1_82' title='bbox 326 1289 353 1354; x_wconf 75' lang='lat' dir='ltr'>F</span> <span class='ocrx_word' id='word_1_83' title='bbox 371 1309 514 1355; x_wconf 84' lang='lat' dir='ltr'><strong>servasse</strong></span> <span class='ocrx_word' id='word_1_84' title='bbox 532 1296 618 1374; x_wconf 85' lang='lat' dir='ltr'><strong>puto,</strong></span> <span class='ocrx_word' id='word_1_85' title='bbox 637 1291 827 1374; x_wconf 86' lang='lat' dir='ltr'><strong>praesertim</strong></span> <span class='ocrx_word' id='word_1_86' title='bbox 846 1306 921 1354; x_wconf 86' lang='lat' dir='ltr'><strong>cum</strong></span> <span class='ocrx_word' id='word_1_87' title='bbox 939 1286 980 1354; x_wconf 88' lang='lat' dir='ltr'><strong>P¹</strong></span> <span class='ocrx_word' id='word_1_88' title='bbox 1006 1294 1038 1356; x_wconf 87' lang='lat' dir='ltr'><strong>et</strong></span> <span class='ocrx_word' id='word_1_89' title='bbox 1057 1289 1097 1355; x_wconf 76' lang='lat'><strong>0²</strong></span> <span class='ocrx_word' id='word_1_90' title='bbox 1118 1293 1268 1357; x_wconf 87' lang='lat' dir='ltr'><strong>omissam</strong></span> 
     </span>
    </p>
   </div>
   <div class='ocr_carea' id='block_1_4' title="bbox 128 1387 1286 4157">
    <p class='ocr_par' dir='ltr' id='par_1_4' title="bbox 131 1387 1269 3225">
     <span class='ocr_line' id='line_1_9' title="bbox 135 1387 1268 1477; baseline 0.005 -23"><span class='ocrx_word' id='word_1_91' title='bbox 135 1391 323 1474; x_wconf 75' lang='lat' dir='ltr'><strong>particulam</strong></span> <span class='ocrx_word' id='word_1_92' title='bbox 338 1391 469 1472; x_wconf 79' lang='lat' dir='ltr'><strong>addant3</strong></span> <span class='ocrx_word' id='word_1_93' title='bbox 486 1411 563 1456; x_wconf 89' lang='lat' dir='ltr'><strong>sano</strong></span> <span class='ocrx_word' id='word_1_94' title='bbox 576 1387 695 1457; x_wconf 88' lang='lat' dir='ltr'><strong>iudicio</strong></span> <span class='ocrx_word' id='word_1_95' title='bbox 708 1409 787 1457; x_wconf 88' lang='lat' dir='ltr'><strong>usus</strong></span> <span class='ocrx_word' id='word_1_96' title='bbox 796 1388 960 1457; x_wconf 84' lang='lat' dir='ltr'><strong>Barzizius</strong></span> <span class='ocrx_word' id='word_1_97' title='bbox 975 1393 1009 1457; x_wconf 92' lang='lat' dir='ltr'><strong>in</strong></span> <span class='ocrx_word' id='word_1_98' title='bbox 1021 1415 1044 1477; x_wconf 83' lang='lat' dir='ltr'><strong>y</strong></span> <span class='ocrx_word' id='word_1_99' title='bbox 1057 1413 1126 1460; x_wconf 91' lang='lat' dir='ltr'><strong>eam</strong></span> <span class='ocrx_word' id='word_1_100' title='bbox 1139 1396 1268 1460; x_wconf 90' lang='lat' dir='ltr'><strong>damna·</strong></span> 
     </span>
     <span class='ocr_line' id='line_1_10' title="bbox 136 1489 1267 1583; baseline 0.006 -28"><span class='ocrx_word' id='word_1_101' title='bbox 136 1500 231 1560; x_wconf 84' lang='lat' dir='ltr'><strong>verat.</strong></span> <span class='ocrx_word' id='word_1_102' title='bbox 249 1533 293 1542; x_wconf 83' lang='lat'>—</span> <span class='ocrx_word' id='word_1_103' title='bbox 311 1492 330 1580; x_wconf 58' lang='lat' dir='ltr'>g</span> <span class='ocrx_word' id='word_1_104' title='bbox 349 1495 411 1559; x_wconf 80' lang='lat'><strong>187</strong></span> <span class='ocrx_word' id='word_1_105' title='bbox 425 1491 488 1577; x_wconf 82' lang='grc'><strong>(67,</strong></span> <span class='ocrx_word' id='word_1_106' title='bbox 500 1497 526 1577; x_wconf 84' lang='lat' dir='ltr'><strong>a)</strong></span> <span class='ocrx_word' id='word_1_107' title='bbox 545 1495 699 1561; x_wconf 78' lang='lat' dir='ltr'><strong>conlatata</strong></span> <span class='ocrx_word' id='word_1_108' title='bbox 714 1489 859 1562; x_wconf 75' lang='lat' dir='ltr'><strong>Ftellote</strong></span> <span class='ocrx_word' id='word_1_109' title='bbox 871 1489 942 1560; x_wconf 76' lang='grc' dir='ltr'><strong>ΡΟι</strong></span> <span class='ocrx_word' id='word_1_110' title='bbox 958 1495 1101 1563; x_wconf 62' lang='lat' dir='ltr'><strong>caletulo</strong></span> <span class='ocrx_word' id='word_1_111' title='bbox 1120 1500 1155 1562; x_wconf 89' lang='lat' dir='ltr'><strong>in</strong></span> <span class='ocrx_word' id='word_1_112' title='bbox 1171 1517 1267 1583; x_wconf 80' lang='lat' dir='ltr'><strong>marg.</strong></span> 
     </span>
     <span class='ocr_line' id='line_1_11' title="bbox 136 1594 1269 1685; baseline 0.006 -26"><span class='ocrx_word' id='word_1_113' title='bbox 136 1594 185 1660; x_wconf 72' lang='lat'><strong>0².</strong></span> <span class='ocrx_word' id='word_1_114' title='bbox 204 1635 247 1644; x_wconf 89' lang='lat'>—</span> <span class='ocrx_word' id='word_1_115' title='bbox 274 1600 294 1680; x_wconf 66' lang='grc' dir='ltr'>ξ</span> <span class='ocrx_word' id='word_1_116' title='bbox 314 1599 377 1661; x_wconf 86' lang='grc'><strong>189</strong></span> <span class='ocrx_word' id='word_1_117' title='bbox 399 1598 462 1680; x_wconf 88' lang='grc'><strong>(68,</strong></span> <span class='ocrx_word' id='word_1_118' title='bbox 473 1597 499 1678; x_wconf 78' lang='lat' dir='ltr'><strong>a)</strong></span> <span class='ocrx_word' id='word_1_119' title='bbox 518 1595 653 1684; x_wconf 74' lang='lat' dir='ltr'><strong>opposcit</strong></span> <span class='ocrx_word' id='word_1_120' title='bbox 671 1596 728 1663; x_wconf 73' lang='lat' dir='ltr'><strong>AF</strong></span> <span class='ocrx_word' id='word_1_121' title='bbox 750 1595 896 1685; x_wconf 75' lang='lat' dir='ltr'><strong>eopeescit</strong></span> <span class='ocrx_word' id='word_1_122' title='bbox 915 1595 985 1664; x_wconf 90' lang='lat' dir='ltr'><strong>PO:</strong></span> <span class='ocrx_word' id='word_1_123' title='bbox 1006 1599 1092 1683; x_wconf 91' lang='lat' dir='ltr'><strong>quod</strong></span> <span class='ocrx_word' id='word_1_124' title='bbox 1110 1603 1269 1685; x_wconf 80' lang='lat' dir='ltr'>posterius</span> 
     </span>
     <span class='ocr_line' id='line_1_12' title="bbox 135 1698 1269 1784; baseline 0.005 -22"><span class='ocrx_word' id='word_1_125' title='bbox 135 1703 170 1762; x_wconf 88' lang='lat' dir='ltr'><strong>ut</strong></span> <span class='ocrx_word' id='word_1_126' title='bbox 192 1699 303 1783; x_wconf 90' lang='lat' dir='ltr'><strong>potius</strong></span> <span class='ocrx_word' id='word_1_127' title='bbox 328 1700 581 1783; x_wconf 86' lang='lat' dir='ltr'><strong>exspectandum</strong></span> <span class='ocrx_word' id='word_1_128' title='bbox 604 1699 769 1764; x_wconf 84' lang='lat' dir='ltr'><strong>Barzizlus</strong></span> <span class='ocrx_word' id='word_1_129' title='bbox 788 1698 823 1764; x_wconf 91' lang='lat' dir='ltr'><strong>in</strong></span> <span class='ocrx_word' id='word_1_130' title='bbox 846 1715 868 1784; x_wconf 87' lang='lat' dir='ltr'><strong>y</strong></span> <span class='ocrx_word' id='word_1_131' title='bbox 891 1703 1039 1768; x_wconf 87' lang='lat' dir='ltr'><strong>intulisse</strong></span> <span class='ocrx_word' id='word_1_132' title='bbox 1063 1700 1199 1768; x_wconf 84' lang='lat' dir='ltr'><strong>videtur.</strong></span> <span class='ocrx_word' id='word_1_133' title='bbox 1224 1739 1269 1752; x_wconf 96' lang='lat'>-</span> 
     </span>
     <span class='ocr_line' id='line_1_13' title="bbox 136 1798 1269 1890; baseline 0.006 -26"><span class='ocrx_word' id='word_1_134' title='bbox 136 1799 235 1883; x_wconf 76' lang='lat'>§190</span> <span class='ocrx_word' id='word_1_135' title='bbox 255 1802 322 1884; x_wconf 88' lang='grc'><strong>(68,</strong></span> <span class='ocrx_word' id='word_1_136' title='bbox 334 1803 376 1880; x_wconf 82' lang='lat' dir='ltr'><strong>ao)</strong></span> <span class='ocrx_word' id='word_1_137' title='bbox 395 1801 568 1888; x_wconf 77' lang='lat' dir='ltr'><strong>eosdemque</strong></span> <span class='ocrx_word' id='word_1_138' title='bbox 586 1798 643 1866; x_wconf 77' lang='lat' dir='ltr'><strong>Ar</strong></span> <span class='ocrx_word' id='word_1_139' title='bbox 660 1822 708 1868; x_wconf 87' lang='lat' dir='ltr'><strong>eos</strong></span> <span class='ocrx_word' id='word_1_140' title='bbox 730 1803 861 1890; x_wconf 79' lang='lat' dir='ltr'><strong>denique</strong></span> <span class='ocrx_word' id='word_1_141' title='bbox 878 1799 943 1869; x_wconf 82' lang='lat' dir='ltr'><strong>Po,</strong></span> <span class='ocrx_word' id='word_1_142' title='bbox 962 1843 1004 1852; x_wconf 93' lang='lat'><em>-</em></span> <span class='ocrx_word' id='word_1_143' title='bbox 1030 1807 1048 1887; x_wconf 68' lang='grc' dir='ltr'><em>ξ</em></span> <span class='ocrx_word' id='word_1_144' title='bbox 1068 1805 1130 1868; x_wconf 90' lang='grc'><strong>221</strong></span> <span class='ocrx_word' id='word_1_145' title='bbox 1152 1807 1215 1888; x_wconf 78' lang='grc'><strong>(79,</strong></span> <span class='ocrx_word' id='word_1_146' title='bbox 1228 1807 1269 1888; x_wconf 83' lang='lat' dir='ltr'><strong>rr)</strong></span> 
     </span>
     <span class='ocr_line' id='line_1_14' title="bbox 134 1899 1269 1990; baseline 0.004 -22"><span class='ocrx_word' id='word_1_147' title='bbox 134 1901 321 1986; x_wconf 76' lang='lat' dir='ltr'><strong>defrudasse</strong></span> <span class='ocrx_word' id='word_1_148' title='bbox 339 1900 452 1968; x_wconf 64' lang='lat' dir='ltr'><strong>FPlO&#39;</strong></span> <span class='ocrx_word' id='word_1_149' title='bbox 469 1900 668 1988; x_wconf 66' lang='lat' dir='ltr'><strong>defrsedasse</strong></span> <span class='ocrx_word' id='word_1_150' title='bbox 686 1905 727 1969; x_wconf 84' lang='grc' dir='ltr'><strong>Ρ1</strong></span> <span class='ocrx_word' id='word_1_151' title='bbox 747 1899 950 1990; x_wconf 67' lang='lat' dir='ltr'><strong>defraudasse</strong></span> <span class='ocrx_word' id='word_1_152' title='bbox 969 1907 1027 1971; x_wconf 89' lang='lat'><strong>0¹:</strong></span> <span class='ocrx_word' id='word_1_153' title='bbox 1052 1905 1269 1990; x_wconf 84' lang='lat' dir='ltr'><strong>antiquiorem</strong></span> 
     </span>
     <span class='ocr_line' id='line_1_15' title="bbox 134 2003 1269 2092; baseline 0.004 -24"><span class='ocrx_word' id='word_1_154' title='bbox 134 2007 269 2071; x_wconf 80' lang='lat' dir='ltr'><strong>formam</strong></span> <span class='ocrx_word' id='word_1_155' title='bbox 294 2007 329 2069; x_wconf 93' lang='lat' dir='ltr'><strong>in</strong></span> <span class='ocrx_word' id='word_1_156' title='bbox 353 2006 380 2070; x_wconf 78' lang='lat' dir='ltr'>L</span> <span class='ocrx_word' id='word_1_157' title='bbox 404 2005 566 2071; x_wconf 78' lang='lat' dir='ltr'><strong>exstitisse</strong></span> <span class='ocrx_word' id='word_1_158' title='bbox 590 2027 607 2072; x_wconf 89' lang='lat' dir='ltr'><strong>s</strong></span> <span class='ocrx_word' id='word_1_159' title='bbox 627 2027 788 2072; x_wconf 89' lang='lat' dir='ltr'><strong>consensu</strong></span> <span class='ocrx_word' id='word_1_160' title='bbox 810 2003 919 2072; x_wconf 73' lang='lat' dir='ltr'><strong>rP¹0²</strong></span> <span class='ocrx_word' id='word_1_161' title='bbox 945 2004 1133 2092; x_wconf 71' lang='lat' dir='ltr'><strong>colligimus</strong></span> <span class='ocrx_word' id='word_1_162' title='bbox 1157 2027 1269 2074; x_wconf 86' lang='lat' dir='ltr'><strong>reeen-</strong></span> 
     </span>
     <span class='ocr_line' id='line_1_16' title="bbox 136 2107 1268 2198; baseline 0.004 -27"><span class='ocrx_word' id='word_1_163' title='bbox 136 2110 248 2174; x_wconf 89' lang='lat' dir='ltr'><strong>tiorem</strong></span> <span class='ocrx_word' id='word_1_164' title='bbox 275 2107 423 2175; x_wconf 89' lang='lat' dir='ltr'><strong>consulto</strong></span> <span class='ocrx_word' id='word_1_165' title='bbox 446 2111 481 2173; x_wconf 92' lang='lat' dir='ltr'><strong>in</strong></span> <span class='ocrx_word' id='word_1_166' title='bbox 504 2129 526 2192; x_wconf 86' lang='lat' dir='ltr'>y</span> <span class='ocrx_word' id='word_1_167' title='bbox 549 2111 677 2174; x_wconf 88' lang='lat' dir='ltr'><strong>insitam</strong></span> <span class='ocrx_word' id='word_1_168' title='bbox 702 2127 772 2175; x_wconf 89' lang='lat' dir='ltr'><strong>esse</strong></span> <span class='ocrx_word' id='word_1_169' title='bbox 800 2108 921 2194; x_wconf 88' lang='lat' dir='ltr'><strong>opinor.</strong></span> <span class='ocrx_word' id='word_1_170' title='bbox 945 2147 988 2160; x_wconf 90' lang='lat'><em>-</em></span> <span class='ocrx_word' id='word_1_171' title='bbox 1013 2113 1032 2194; x_wconf 63' lang='lat' dir='ltr'>g</span> <span class='ocrx_word' id='word_1_172' title='bbox 1057 2111 1122 2174; x_wconf 86' lang='grc'><strong>224</strong></span> <span class='ocrx_word' id='word_1_173' title='bbox 1146 2110 1211 2198; x_wconf 86' lang='grc'><strong>(80,</strong></span> <span class='ocrx_word' id='word_1_174' title='bbox 1228 2114 1268 2195; x_wconf 70' lang='grc' dir='ltr'><strong>η’)</strong></span> 
     </span>
     <span class='ocr_line' id='line_1_17' title="bbox 132 2209 1267 2300; baseline 0.001 -23"><span class='ocrx_word' id='word_1_175' title='bbox 132 2214 267 2278; x_wconf 77' lang='lat' dir='ltr'><strong>ineiseF</strong></span> <span class='ocrx_word' id='word_1_176' title='bbox 281 2216 380 2279; x_wconf 79' lang='lat' dir='ltr'><strong>ineisa</strong></span> <span class='ocrx_word' id='word_1_177' title='bbox 392 2212 456 2277; x_wconf 91' lang='grc' dir='ltr'><strong>ΡΟ.</strong></span> <span class='ocrx_word' id='word_1_178' title='bbox 473 2251 515 2260; x_wconf 91' lang='grc'>-</span> <span class='ocrx_word' id='word_1_179' title='bbox 528 2213 775 2297; x_wconf 87' lang='lat' dir='ltr'><strong>Inscriptionem</strong></span> <span class='ocrx_word' id='word_1_180' title='bbox 789 2214 928 2296; x_wconf 88' lang='lat' dir='ltr'><strong>denique</strong></span> <span class='ocrx_word' id='word_1_181' title='bbox 945 2220 978 2279; x_wconf 88' lang='lat' dir='ltr'><strong>et</strong></span> <span class='ocrx_word' id='word_1_182' title='bbox 992 2209 1267 2300; x_wconf 78' lang='lat' dir='ltr'><strong>subscriptionem,</strong></span> 
     </span>
     <span class='ocr_line' id='line_1_18' title="bbox 136 2313 1268 2401; baseline 0.004 -23"><span class='ocrx_word' id='word_1_183' title='bbox 136 2319 171 2380; x_wconf 88' lang='lat' dir='ltr'><strong>ut</strong></span> <span class='ocrx_word' id='word_1_184' title='bbox 192 2315 257 2380; x_wconf 88' lang='lat' dir='ltr'><strong>iam</strong></span> <span class='ocrx_word' id='word_1_185' title='bbox 282 2316 437 2398; x_wconf 81' lang='lat' dir='ltr'><strong>vidimus,</strong></span> <span class='ocrx_word' id='word_1_186' title='bbox 462 2313 639 2380; x_wconf 89' lang='lat' dir='ltr'><strong>omiserunt</strong></span> <span class='ocrx_word' id='word_1_187' title='bbox 662 2314 735 2397; x_wconf 72' lang='grc' dir='ltr'><strong>ΡΟ,</strong></span> <span class='ocrx_word' id='word_1_188' title='bbox 760 2315 823 2380; x_wconf 91' lang='lat' dir='ltr'><strong>iam</strong></span> <span class='ocrx_word' id='word_1_189' title='bbox 851 2335 916 2381; x_wconf 92' lang='lat' dir='ltr'><strong>non</strong></span> <span class='ocrx_word' id='word_1_190' title='bbox 943 2315 1097 2382; x_wconf 86' lang='lat' dir='ltr'><strong>habuerat</strong></span> <span class='ocrx_word' id='word_1_191' title='bbox 1118 2339 1150 2401; x_wconf 87' lang='lat' dir='ltr'><strong>y.</strong></span> <span class='ocrx_word' id='word_1_192' title='bbox 1185 2317 1268 2383; x_wconf 85' lang='lat' dir='ltr'><strong>Satis</strong></span> 
     </span>
     <span class='ocr_line' id='line_1_19' title="bbox 136 2415 1268 2505; baseline 0.004 -22"><span class='ocrx_word' id='word_1_193' title='bbox 136 2421 235 2484; x_wconf 85' lang='lat' dir='ltr'><strong>multo</strong></span> <span class='ocrx_word' id='word_1_194' title='bbox 259 2421 340 2485; x_wconf 88' lang='lat' dir='ltr'><strong>hacc</strong></span> <span class='ocrx_word' id='word_1_195' title='bbox 365 2439 434 2485; x_wconf 88' lang='lat' dir='ltr'><strong>esse</strong></span> <span class='ocrx_word' id='word_1_196' title='bbox 458 2415 640 2485; x_wconf 88' lang='lat' dir='ltr'><strong>testimonla</strong></span> <span class='ocrx_word' id='word_1_197' title='bbox 663 2439 779 2485; x_wconf 85' lang='lat' dir='ltr'><strong>censeo</strong></span> <span class='ocrx_word' id='word_1_198' title='bbox 804 2419 844 2484; x_wconf 87' lang='lat' dir='ltr'><strong>ad</strong></span> <span class='ocrx_word' id='word_1_199' title='bbox 871 2418 905 2485; x_wconf 87' lang='lat' dir='ltr'><strong>id</strong></span> <span class='ocrx_word' id='word_1_200' title='bbox 929 2423 1013 2505; x_wconf 90' lang='lat' dir='ltr'><strong>quod</strong></span> <span class='ocrx_word' id='word_1_201' title='bbox 1041 2424 1113 2487; x_wconf 79' lang='lat' dir='ltr'><strong>volo</strong></span> <span class='ocrx_word' id='word_1_202' title='bbox 1138 2421 1268 2488; x_wconf 88' lang='lat' dir='ltr'><strong>demon-</strong></span> 
     </span>
     <span class='ocr_line' id='line_1_20' title="bbox 133 2518 1268 2608; baseline 0.005 -24"><span class='ocrx_word' id='word_1_203' title='bbox 133 2523 318 2586; x_wconf 86' lang='lat' dir='ltr'><strong>strandum:</strong></span> <span class='ocrx_word' id='word_1_204' title='bbox 350 2518 478 2586; x_wconf 89' lang='lat' dir='ltr'><strong>codices</strong></span> <span class='ocrx_word' id='word_1_205' title='bbox 503 2521 529 2586; x_wconf 94' lang='lat'>0</span> <span class='ocrx_word' id='word_1_206' title='bbox 555 2528 586 2586; x_wconf 89' lang='lat' dir='ltr'><strong>et</strong></span> <span class='ocrx_word' id='word_1_207' title='bbox 609 2521 635 2587; x_wconf 92' lang='lat' dir='ltr'><strong>P</strong></span> <span class='ocrx_word' id='word_1_208' title='bbox 659 2539 826 2606; x_wconf 83' lang='lat' dir='ltr'><strong>germanos</strong></span> <span class='ocrx_word' id='word_1_209' title='bbox 857 2526 1071 2608; x_wconf 67' lang='lat' dir='ltr'><strong>assensuros,</strong></span> <span class='ocrx_word' id='word_1_210' title='bbox 1100 2531 1268 2591; x_wconf 87' lang='lat' dir='ltr'><strong>nectamen</strong></span> 
     </span>
     <span class='ocr_line' id='line_1_21' title="bbox 133 2625 1267 2712; baseline 0.007 -27"><span class='ocrx_word' id='word_1_211' title='bbox 133 2625 279 2710; x_wconf 82' lang='lat' dir='ltr'><strong>singulos</strong></span> <span class='ocrx_word' id='word_1_212' title='bbox 304 2646 346 2690; x_wconf 84' lang='lat' dir='ltr'><strong>ex</strong></span> <span class='ocrx_word' id='word_1_213' title='bbox 369 2625 439 2710; x_wconf 86' lang='lat' dir='ltr'><strong>ipso</strong></span> <span class='ocrx_word' id='word_1_214' title='bbox 463 2625 625 2690; x_wconf 89' lang='lat' dir='ltr'><strong>Laudensl</strong></span> <span class='ocrx_word' id='word_1_215' title='bbox 649 2626 818 2691; x_wconf 79' lang='lat' dir='ltr'><strong>derivatos.</strong></span> <span class='ocrx_word' id='word_1_216' title='bbox 846 2625 954 2712; x_wconf 83' lang='lat' dir='ltr'><strong>Atque</strong></span> <span class='ocrx_word' id='word_1_217' title='bbox 978 2649 1029 2694; x_wconf 90' lang='lat' dir='ltr'><strong>me</strong></span> <span class='ocrx_word' id='word_1_218' title='bbox 1053 2630 1183 2694; x_wconf 84' lang='lat' dir='ltr'><strong>adiuvat</strong></span> <span class='ocrx_word' id='word_1_219' title='bbox 1200 2625 1267 2695; x_wconf 76' lang='lat' dir='ltr'><strong>mt-</strong></span> 
     </span>
     <span class='ocr_line' id='line_1_22' title="bbox 137 2725 1265 2814; baseline 0.005 -22"><span class='ocrx_word' id='word_1_220' title='bbox 137 2730 310 2812; x_wconf 80' lang='lat' dir='ltr'><strong>derious¹)‚</strong></span> <span class='ocrx_word' id='word_1_221' title='bbox 336 2745 410 2794; x_wconf 84' lang='lat' dir='ltr'><strong>curn</strong></span> <span class='ocrx_word' id='word_1_222' title='bbox 439 2729 478 2793; x_wconf 89' lang='lat' dir='ltr'><strong>de</strong></span> <span class='ocrx_word' id='word_1_223' title='bbox 502 2727 664 2794; x_wconf 87' lang='lat' dir='ltr'><strong>Palatinas</strong></span> <span class='ocrx_word' id='word_1_224' title='bbox 692 2732 868 2814; x_wconf 82' lang='lat' dir='ltr'><strong>scripturae</strong></span> <span class='ocrx_word' id='word_1_225' title='bbox 896 2725 996 2796; x_wconf 83' lang='lat' dir='ltr'><strong>ductu</strong></span> <span class='ocrx_word' id='word_1_226' title='bbox 1025 2733 1102 2798; x_wconf 85' lang='lat' dir='ltr'><strong>haec</strong></span> <span class='ocrx_word' id='word_1_227' title='bbox 1130 2733 1265 2798; x_wconf 88' lang='lat' dir='ltr'><strong>iudicet:</strong></span> 
     </span>
     <span class='ocr_line' id='line_1_23' title="bbox 133 2828 1266 2918; baseline 0.003 -21"><span class='ocrx_word' id='word_1_228' title='bbox 133 2828 205 2900; x_wconf 74' lang='lat' dir='ltr'><strong>‘Die</strong></span> <span class='ocrx_word' id='word_1_229' title='bbox 230 2831 352 2898; x_wconf 82' lang='lat' dir='ltr'><strong>Schrilt</strong></span> <span class='ocrx_word' id='word_1_230' title='bbox 375 2835 418 2897; x_wconf 89' lang='lat' dir='ltr'><strong>ist</strong></span> <span class='ocrx_word' id='word_1_231' title='bbox 441 2834 514 2897; x_wconf 89' lang='lat' dir='ltr'><strong>cine</strong></span> <span class='ocrx_word' id='word_1_232' title='bbox 537 2831 619 2897; x_wconf 88' lang='lat' dir='ltr'><strong>leste</strong></span> <span class='ocrx_word' id='word_1_233' title='bbox 643 2831 710 2896; x_wconf 89' lang='lat' dir='ltr'><strong>und</strong></span> <span class='ocrx_word' id='word_1_234' title='bbox 733 2833 895 2898; x_wconf 90' lang='lat' dir='ltr'><strong>bestimmt</strong></span> <span class='ocrx_word' id='word_1_235' title='bbox 918 2839 1143 2918; x_wconf 73' lang='lat' dir='ltr'><strong>ausgepragte;</strong></span> <span class='ocrx_word' id='word_1_236' title='bbox 1169 2841 1266 2900; x_wconf 85' lang='lat' dir='ltr'><strong>etwas</strong></span> 
     </span>
     <span class='ocr_line' id='line_1_24' title="bbox 131 2934 1264 3022; baseline 0.004 -24"><span class='ocrx_word' id='word_1_237' title='bbox 131 2937 220 3019; x_wconf 82' lang='lat' dir='ltr'><strong>stell,</strong></span> <span class='ocrx_word' id='word_1_238' title='bbox 239 2937 316 3001; x_wconf 89' lang='lat' dir='ltr'><strong>aber</strong></span> <span class='ocrx_word' id='word_1_239' title='bbox 332 2937 365 2999; x_wconf 92' lang='lat' dir='ltr'><strong>in</strong></span> <span class='ocrx_word' id='word_1_240' title='bbox 383 2937 512 3020; x_wconf 81' lang='lat' dir='ltr'><strong>grossen,</strong></span> <span class='ocrx_word' id='word_1_241' title='bbox 529 2937 659 3000; x_wconf 89' lang='lat' dir='ltr'><strong>sichern</strong></span> <span class='ocrx_word' id='word_1_242' title='bbox 678 2934 744 3000; x_wconf 92' lang='lat' dir='ltr'><strong>und</strong></span> <span class='ocrx_word' id='word_1_243' title='bbox 761 2939 1138 3022; x_wconf 68' lang='lat' dir='ltr'><strong>zusammenhitngenden</strong></span> <span class='ocrx_word' id='word_1_244' title='bbox 1156 2937 1264 3022; x_wconf 81' lang='lat' dir='ltr'><strong>Zilgen</strong></span> 
     </span>
     <span class='ocr_line' id='line_1_25' title="bbox 136 3037 1265 3126; baseline 0.003 -24"><span class='ocrx_word' id='word_1_245' title='bbox 136 3039 260 3123; x_wconf 81' lang='lat' dir='ltr'><strong>bewegt</strong></span> <span class='ocrx_word' id='word_1_246' title='bbox 282 3037 330 3102; x_wconf 87' lang='lat' dir='ltr'><strong>sie</strong></span> <span class='ocrx_word' id='word_1_247' title='bbox 349 3038 419 3103; x_wconf 88' lang='lat' dir='ltr'><strong>sich</strong></span> <span class='ocrx_word' id='word_1_248' title='bbox 435 3042 596 3120; x_wconf 68' lang='lat' dir='ltr'><strong>vorwerts</strong></span> <span class='ocrx_word' id='word_1_249' title='bbox 623 3040 681 3104; x_wconf 85' lang='lat' dir='ltr'><strong>wic</strong></span> <span class='ocrx_word' id='word_1_250' title='bbox 705 3041 751 3104; x_wconf 91' lang='lat' dir='ltr'><strong>sie</strong></span> <span class='ocrx_word' id='word_1_251' title='bbox 770 3059 833 3104; x_wconf 90' lang='lat' dir='ltr'><strong>nur</strong></span> <span class='ocrx_word' id='word_1_252' title='bbox 851 3037 906 3104; x_wconf 88' lang='lat' dir='ltr'><strong>aul</strong></span> <span class='ocrx_word' id='word_1_253' title='bbox 922 3040 1035 3105; x_wconf 85' lang='lat' dir='ltr'><strong>Gnmd</strong></span> <span class='ocrx_word' id='word_1_254' title='bbox 1054 3044 1143 3107; x_wconf 89' lang='lat' dir='ltr'><strong>einer</strong></span> <span class='ocrx_word' id='word_1_255' title='bbox 1160 3039 1265 3126; x_wconf 82' lang='lat' dir='ltr'><strong>gleich</strong></span> 
     </span>
     <span class='ocr_line' id='line_1_26' title="bbox 136 3141 756 3225; baseline 0.006 -23"><span class='ocrx_word' id='word_1_256' title='bbox 136 3141 281 3206; x_wconf 88' lang='lat' dir='ltr'><strong>lesbareu</strong></span> <span class='ocrx_word' id='word_1_257' title='bbox 301 3141 441 3225; x_wconf 79' lang='lat' dir='ltr'><strong>Vorlage</strong></span> <span class='ocrx_word' id='word_1_258' title='bbox 466 3143 605 3225; x_wconf 81' lang='lat' dir='ltr'><strong>mbglioh</strong></span> <span class='ocrx_word' id='word_1_259' title='bbox 629 3141 756 3206; x_wconf 87' lang='lat' dir='ltr'><strong>waren&#39;.</strong></span> 
     </span>
    </p>

    <p class='ocr_par' dir='ltr' id='par_1_5' title="bbox 128 3241 1286 4157">
     <span class='ocr_line' id='line_1_27' title="bbox 224 3241 1264 3329; baseline 0.001 -19"><span class='ocrx_word' id='word_1_260' title='bbox 224 3243 287 3310; x_wconf 83' lang='lat' dir='ltr'><strong>Sed</strong></span> <span class='ocrx_word' id='word_1_261' title='bbox 311 3245 507 3327; x_wconf 85' lang='lat' dir='ltr'><strong>quaeviserit</strong></span> <span class='ocrx_word' id='word_1_262' title='bbox 529 3245 697 3329; x_wconf 80' lang='lat' dir='ltr'><strong>quispiam,</strong></span> <span class='ocrx_word' id='word_1_263' title='bbox 720 3246 807 3320; x_wconf 84' lang='lat' dir='ltr'><strong>unde</strong></span> <span class='ocrx_word' id='word_1_264' title='bbox 831 3241 865 3309; x_wconf 91' lang='lat' dir='ltr'><strong>in</strong></span> <span class='ocrx_word' id='word_1_265' title='bbox 885 3243 1133 3311; x_wconf 89' lang='lat' dir='ltr'><strong>Ottobonlanum</strong></span> <span class='ocrx_word' id='word_1_266' title='bbox 1156 3263 1264 3311; x_wconf 84' lang='lat' dir='ltr'><strong>mans-</strong></span> 
     </span>
     <span class='ocr_line' id='line_1_28' title="bbox 136 3347 1264 3432; baseline 0.003 -22"><span class='ocrx_word' id='word_1_267' title='bbox 136 3350 217 3412; x_wconf 86' lang='lat' dir='ltr'><strong>verit</strong></span> <span class='ocrx_word' id='word_1_268' title='bbox 240 3349 370 3428; x_wconf 73' lang='lat' dir='ltr'><strong>Brutus</strong></span> <span class='ocrx_word' id='word_1_269' title='bbox 397 3348 454 3430; x_wconf 90' lang='lat' dir='ltr'><strong>qui</strong></span> <span class='ocrx_word' id='word_1_270' title='bbox 478 3347 586 3411; x_wconf 88' lang='lat' dir='ltr'><strong>deerat</strong></span> <span class='ocrx_word' id='word_1_271' title='bbox 609 3350 643 3411; x_wconf 93' lang='lat' dir='ltr'><strong>in</strong></span> <span class='ocrx_word' id='word_1_272' title='bbox 661 3349 766 3413; x_wconf 85' lang='lat' dir='ltr'><strong>Cosmi</strong></span> <span class='ocrx_word' id='word_1_273' title='bbox 791 3347 974 3432; x_wconf 86' lang='lat' dir='ltr'><strong>exemplari.</strong></span> <span class='ocrx_word' id='word_1_274' title='bbox 1007 3349 1077 3426; x_wconf 83' lang='lat' dir='ltr'><strong>Quo</strong></span> <span class='ocrx_word' id='word_1_275' title='bbox 1100 3350 1134 3412; x_wconf 93' lang='lat' dir='ltr'><strong>in</strong></span> <span class='ocrx_word' id='word_1_276' title='bbox 1157 3370 1192 3414; x_wconf 88' lang='lat' dir='ltr'><strong>re</strong></span> <span class='ocrx_word' id='word_1_277' title='bbox 1208 3371 1264 3413; x_wconf 89' lang='lat' dir='ltr'><strong>au-</strong></span> 
     </span>
     <span class='ocr_line' id='line_1_29' title="bbox 135 3447 1262 3535; baseline 0.003 -21"><span class='ocrx_word' id='word_1_278' title='bbox 135 3449 212 3516; x_wconf 85' lang='lat' dir='ltr'><strong>xilio</strong></span> <span class='ocrx_word' id='word_1_279' title='bbox 236 3451 329 3516; x_wconf 91' lang='lat' dir='ltr'><strong>nobis</strong></span> <span class='ocrx_word' id='word_1_280' title='bbox 354 3453 444 3516; x_wconf 86' lang='lat' dir='ltr'><strong>venit</strong></span> <span class='ocrx_word' id='word_1_281' title='bbox 467 3450 691 3535; x_wconf 85' lang='lat' dir='ltr'><strong>Detlefsenius‚</strong></span> <span class='ocrx_word' id='word_1_282' title='bbox 716 3470 789 3516; x_wconf 91' lang='lat' dir='ltr'><strong>cum</strong></span> <span class='ocrx_word' id='word_1_283' title='bbox 812 3451 846 3516; x_wconf 89' lang='lat' dir='ltr'><strong>in</strong></span> <span class='ocrx_word' id='word_1_284' title='bbox 870 3451 949 3517; x_wconf 84' lang='lat' dir='ltr'><strong>actis</strong></span> <span class='ocrx_word' id='word_1_285' title='bbox 967 3451 1073 3535; x_wconf 91' lang='lat' dir='ltr'><strong>philol.</strong></span> <span class='ocrx_word' id='word_1_286' title='bbox 1091 3471 1182 3516; x_wconf 85' lang='lat' dir='ltr'><strong>conv.</strong></span> <span class='ocrx_word' id='word_1_287' title='bbox 1199 3447 1262 3517; x_wconf 89' lang='lat' dir='ltr'><strong>Kil.</strong></span> 
     </span>
     <span class='ocr_line' id='line_1_30' title="bbox 135 3550 1264 3641; baseline 0.002 -22"><span class='ocrx_word' id='word_1_288' title='bbox 135 3573 202 3639; x_wconf 73' lang='lat' dir='ltr'><strong>pag.</strong></span> <span class='ocrx_word' id='word_1_289' title='bbox 220 3556 283 3620; x_wconf 89' lang='lat'><strong>101</strong></span> <span class='ocrx_word' id='word_1_290' title='bbox 315 3555 397 3619; x_wconf 86' lang='lat' dir='ltr'><strong>hanc</strong></span> <span class='ocrx_word' id='word_1_291' title='bbox 421 3550 557 3618; x_wconf 84' lang='lat' dir='ltr'><strong>Berzizil</strong></span> <span class='ocrx_word' id='word_1_292' title='bbox 588 3555 757 3638; x_wconf 85' lang='lat' dir='ltr'><strong>epistolam</strong></span> <span class='ocrx_word' id='word_1_293' title='bbox 785 3553 913 3619; x_wconf 75' lang='lat' dir='ltr'><strong>alferat:</strong></span> <span class='ocrx_word' id='word_1_294' title='bbox 945 3555 1110 3641; x_wconf 82' lang='lat' dir='ltr'><strong>Postquam</strong></span> <span class='ocrx_word' id='word_1_295' title='bbox 1141 3555 1264 3622; x_wconf 82' lang='lat' dir='ltr'><strong>Brutos</strong></span> 
     </span>
     <span class='ocr_line' id='line_1_31' title="bbox 130 3656 1262 3744; baseline 0.002 -22"><span class='ocrx_word' id='word_1_296' title='bbox 130 3665 233 3723; x_wconf 74' lang='lat' dir='ltr'><strong>noster</strong></span> <span class='ocrx_word' id='word_1_297' title='bbox 256 3659 300 3724; x_wconf 79' lang='lat' dir='ltr'><strong>od</strong></span> <span class='ocrx_word' id='word_1_298' title='bbox 324 3671 369 3722; x_wconf 85' lang='lat' dir='ltr'><strong>me</strong></span> <span class='ocrx_word' id='word_1_299' title='bbox 392 3657 493 3739; x_wconf 78' lang='lat' dir='ltr'><strong>rediit,</strong></span> <span class='ocrx_word' id='word_1_300' title='bbox 513 3657 609 3723; x_wconf 78' lang='lat' dir='ltr'><strong>Pater</strong></span> <span class='ocrx_word' id='word_1_301' title='bbox 627 3657 893 3740; x_wconf 80' lang='lat' dir='ltr'><strong>Reverendissime,</strong></span> <span class='ocrx_word' id='word_1_302' title='bbox 917 3679 983 3743; x_wconf 83' lang='lat' dir='ltr'><strong>sepe</strong></span> <span class='ocrx_word' id='word_1_303' title='bbox 1000 3656 1098 3740; x_wconf 70' lang='lat' dir='ltr'><strong>illoesa,</strong></span> <span class='ocrx_word' id='word_1_304' title='bbox 1122 3665 1157 3723; x_wconf 83' lang='lat' dir='ltr'><strong>et</strong></span> <span class='ocrx_word' id='word_1_305' title='bbox 1170 3657 1262 3744; x_wconf 82' lang='lat' dir='ltr'><strong>polli-</strong></span> 
     </span>
     <span class='ocr_line' id='line_1_32' title="bbox 128 3759 1262 3843; baseline 0.004 -21"><span class='ocrx_word' id='word_1_306' title='bbox 128 3763 208 3827; x_wconf 82' lang='lat' dir='ltr'><strong>citus</strong></span> <span class='ocrx_word' id='word_1_307' title='bbox 231 3777 327 3842; x_wconf 71' lang='lat' dir='ltr'><strong>eroon,</strong></span> <span class='ocrx_word' id='word_1_308' title='bbox 351 3764 470 3826; x_wconf 82' lang='lat' dir='ltr'><strong>mittere</strong></span> <span class='ocrx_word' id='word_1_309' title='bbox 493 3763 536 3826; x_wconf 83' lang='lat' dir='ltr'><strong>ad</strong></span> <span class='ocrx_word' id='word_1_310' title='bbox 558 3767 586 3825; x_wconf 87' lang='lat' dir='ltr'><strong>te</strong></span> <span class='ocrx_word' id='word_1_311' title='bbox 608 3761 696 3843; x_wconf 82' lang='lat' dir='ltr'><strong>volui,</strong></span> <span class='ocrx_word' id='word_1_312' title='bbox 721 3759 774 3826; x_wconf 83' lang='lat' dir='ltr'><strong>sed</strong></span> <span class='ocrx_word' id='word_1_313' title='bbox 795 3760 894 3826; x_wconf 67' lang='lat' dir='ltr'><strong>iaedi</strong></span> <span class='ocrx_word' id='word_1_314' title='bbox 916 3763 951 3826; x_wconf 82' lang='lat' dir='ltr'><strong>in</strong></span> <span class='ocrx_word' id='word_1_315' title='bbox 969 3759 1103 3827; x_wconf 77' lang='lat' dir='ltr'><strong>homines</strong></span> <span class='ocrx_word' id='word_1_316' title='bbox 1126 3769 1181 3826; x_wconf 83' lang='lat' dir='ltr'><strong>aut</strong></span> <span class='ocrx_word' id='word_1_317' title='bbox 1203 3761 1262 3828; x_wconf 79' lang='lat' dir='ltr'><strong>mi-</strong></span> 
     </span>
     <span class='ocr_line' id='line_1_33' title="bbox 135 3859 1260 3950; baseline 0.003 -24"><span class='ocrx_word' id='word_1_318' title='bbox 135 3880 190 3929; x_wconf 81' lang='lat' dir='ltr'><strong>nes</strong></span> <span class='ocrx_word' id='word_1_319' title='bbox 213 3914 268 3930; x_wconf 88' lang='lat'><strong>...</strong></span> <span class='ocrx_word' id='word_1_320' title='bbox 293 3863 427 3947; x_wconf 81' lang='lat' dir='ltr'><strong>cupidos,</strong></span> <span class='ocrx_word' id='word_1_321' title='bbox 451 3867 506 3928; x_wconf 75' lang='lat' dir='ltr'><strong>eorl</strong></span> <span class='ocrx_word' id='word_1_322' title='bbox 528 3859 582 3949; x_wconf 78' lang='lat' dir='ltr'><strong>qul</strong></span> <span class='ocrx_word' id='word_1_323' title='bbox 600 3867 760 3949; x_wconf 73' lang='lat' dir='ltr'><strong>capotium,</strong></span> <span class='ocrx_word' id='word_1_324' title='bbox 784 3865 864 3950; x_wconf 78' lang='lat' dir='ltr'><strong>quod</strong></span> <span class='ocrx_word' id='word_1_325' title='bbox 882 3865 973 3950; x_wconf 82' lang='lat' dir='ltr'><strong>(quod</strong></span> <span class='ocrx_word' id='word_1_326' title='bbox 992 3864 1072 3929; x_wconf 83' lang='lat' dir='ltr'><strong>coni.</strong></span> <span class='ocrx_word' id='word_1_327' title='bbox 1088 3863 1260 3948; x_wconf 82' lang='lat' dir='ltr'><strong>Detleisen,</strong></span> 
     </span>
     <span class='ocr_line' id='line_1_34' title="bbox 128 3953 1286 4053; baseline 0.003 -24"><span class='ocrx_word' id='word_1_328' title='bbox 128 3967 238 4050; x_wconf 80' lang='lat' dir='ltr'><strong>quibus</strong></span> <span class='ocrx_word' id='word_1_329' title='bbox 263 3963 343 4048; x_wconf 82' lang='lat' dir='ltr'><strong>cod.)</strong></span> <span class='ocrx_word' id='word_1_330' title='bbox 372 3972 438 4030; x_wconf 84' lang='lat' dir='ltr'><strong>tem</strong></span> <span class='ocrx_word' id='word_1_331' title='bbox 465 3963 508 4032; x_wconf 77' lang='lat' dir='ltr'><strong>eis</strong></span> <span class='ocrx_word' id='word_1_332' title='bbox 536 3969 719 4031; x_wconf 78' lang='lat' dir='ltr'><strong>committere</strong></span> <span class='ocrx_word' id='word_1_333' title='bbox 749 3969 802 4050; x_wconf 87' lang='lat' dir='ltr'><strong>(se.</strong></span> <span class='ocrx_word' id='word_1_334' title='bbox 829 3964 928 4049; x_wconf 79' lang='lat' dir='ltr'><strong>solui),</strong></span> <span class='ocrx_word' id='word_1_335' title='bbox 957 3983 1018 4032; x_wconf 81' lang='lat' dir='ltr'><strong>nen</strong></span> <span class='ocrx_word' id='word_1_336' title='bbox 1045 3953 1286 4053; x_wconf 59' lang='lat' dir='ltr'><strong>intellectuat(</strong></span> 
     </span>
     <span class='ocr_line' id='line_1_35' title="bbox 134 4057 1259 4157; baseline 0.004 -25"><span class='ocrx_word' id='word_1_337' title='bbox 134 4067 263 4135; x_wconf 89' lang='lat' dir='ltr'><strong>Missam</strong></span> <span class='ocrx_word' id='word_1_338' title='bbox 287 4073 397 4133; x_wconf 86' lang='lat' dir='ltr'><strong>autem</strong></span> <span class='ocrx_word' id='word_1_339' title='bbox 421 4085 491 4134; x_wconf 88' lang='lat' dir='ltr'><strong>esse</strong></span> <span class='ocrx_word' id='word_1_340' title='bbox 515 4057 854 4156; x_wconf 77' lang='lat' dir='ltr'><strong>hauceplstulamad</strong></span> <span class='ocrx_word' id='word_1_341' title='bbox 872 4071 1079 4138; x_wconf 82' lang='lat' dir='ltr'><strong>Franciscum</strong></span> <span class='ocrx_word' id='word_1_342' title='bbox 1103 4065 1259 4157; x_wconf 82' lang='lat' dir='ltr'><strong>Bossium,</strong></span> 
     </span>
    </p>
   </div>
   <div class='ocr_carea' id='block_1_5' title="bbox 128 4165 1260 4466">
    <p class='ocr_par' dir='ltr' id='par_1_6' title="bbox 128 4165 1260 4466">
     <span class='ocr_line' id='line_1_36' title="bbox 129 4165 1260 4260; baseline 0.004 -24"><span class='ocrx_word' id='word_1_343' title='bbox 129 4169 311 4238; x_wconf 82' lang='lat' dir='ltr'><strong>¹Cumanum</strong></span> <span class='ocrx_word' id='word_1_344' title='bbox 324 4165 365 4256; x_wconf 85' lang='lat' dir='ltr'><strong>(N</strong></span> <span class='ocrx_word' id='word_1_345' title='bbox 367 4178 622 4257; x_wconf 87' lang='lat' dir='ltr'><strong>ovocomensem)</strong></span> <span class='ocrx_word' id='word_1_346' title='bbox 635 4179 830 4260; x_wconf 84' lang='lat' dir='ltr'><strong>episcopum,</strong></span> <span class='ocrx_word' id='word_1_347' title='bbox 843 4173 1030 4260; x_wconf 74' lang='lat' dir='ltr'><strong>suspicatur.</strong></span> <span class='ocrx_word' id='word_1_348' title='bbox 1049 4172 1102 4238; x_wconf 87' lang='lat' dir='ltr'><strong>Ad</strong></span> <span class='ocrx_word' id='word_1_349' title='bbox 1115 4175 1260 4240; x_wconf 84' lang='lat' dir='ltr'><strong>eiusdem</strong></span> 
     </span>
     <span class='ocr_line' id='line_1_37' title="bbox 132 4272 1260 4362; baseline 0.004 -24"><span class='ocrx_word' id='word_1_350' title='bbox 132 4272 292 4345; x_wconf 82' lang='lat' dir='ltr'><strong>lbancisei</strong></span> <span class='ocrx_word' id='word_1_351' title='bbox 315 4275 422 4338; x_wconf 91' lang='lat' dir='ltr'><strong>Bossii</strong></span> <span class='ocrx_word' id='word_1_352' title='bbox 445 4295 537 4340; x_wconf 91' lang='lat' dir='ltr'><strong>usum</strong></span> <span class='ocrx_word' id='word_1_353' title='bbox 559 4280 784 4362; x_wconf 86' lang='lat' dir='ltr'><strong>transscriptus</strong></span> <span class='ocrx_word' id='word_1_354' title='bbox 809 4286 857 4343; x_wconf 90' lang='lat' dir='ltr'><strong>est</strong></span> <span class='ocrx_word' id='word_1_355' title='bbox 881 4278 981 4344; x_wconf 85' lang='lat' dir='ltr'><strong>codex</strong></span> <span class='ocrx_word' id='word_1_356' title='bbox 1002 4277 1037 4360; x_wconf 92' lang='grc' dir='ltr'><strong>Ο,</strong></span> <span class='ocrx_word' id='word_1_357' title='bbox 1057 4277 1089 4340; x_wconf 87' lang='lat' dir='ltr'><strong>id</strong></span> <span class='ocrx_word' id='word_1_358' title='bbox 1107 4278 1194 4360; x_wconf 89' lang='lat' dir='ltr'><strong>quod</strong></span> <span class='ocrx_word' id='word_1_359' title='bbox 1217 4297 1260 4343; x_wconf 85' lang='lat' dir='ltr'><strong>ex</strong></span> 
     </span>
     <span class='ocr_line' id='line_1_38' title="bbox 128 4376 1260 4466; baseline 0.007 -28"><span class='ocrx_word' id='word_1_360' title='bbox 128 4376 226 4443; x_wconf 85' lang='lat' dir='ltr'><strong>altera</strong></span> <span class='ocrx_word' id='word_1_361' title='bbox 250 4381 321 4444; x_wconf 85' lang='lat' dir='ltr'><strong>eius</strong></span> <span class='ocrx_word' id='word_1_362' title='bbox 351 4378 586 4463; x_wconf 89' lang='lat' dir='ltr'><strong>subscriptione</strong></span> <span class='ocrx_word' id='word_1_363' title='bbox 611 4381 760 4446; x_wconf 82' lang='lat' dir='ltr'><strong>eflicitur.</strong></span> <span class='ocrx_word' id='word_1_364' title='bbox 791 4382 907 4447; x_wconf 87' lang='lat' dir='ltr'><strong>Nonne</strong></span> <span class='ocrx_word' id='word_1_365' title='bbox 931 4382 1031 4466; x_wconf 83' lang='lat' dir='ltr'><strong>igitur</strong></span> <span class='ocrx_word' id='word_1_366' title='bbox 1053 4386 1195 4464; x_wconf 88' lang='lat' dir='ltr'><strong>apertum</strong></span> <span class='ocrx_word' id='word_1_367' title='bbox 1219 4380 1260 4446; x_wconf 81' lang='lat' dir='ltr'><strong>fit</strong></span> 
     </span>
    </p>
   </div>
   <div class='ocr_carea' id='block_1_6' title="bbox 220 4511 1145 4639">
    <p class='ocr_par' dir='ltr' id='par_1_7' title="bbox 220 4511 1145 4639">
     <span class='ocr_line' id='line_1_39' title="bbox 220 4511 1145 4639; baseline 0.061 -75"><span class='ocrx_word' id='word_1_368' title='bbox 220 4517 238 4583; x_wconf 81' lang='grc'><strong>1(</strong></span> <span class='ocrx_word' id='word_1_369' title='bbox 257 4513 395 4570; x_wconf 79' lang='lat' dir='ltr'><strong>Fleckeis</strong></span> <span class='ocrx_word' id='word_1_370' title='bbox 414 4513 509 4568; x_wconf 86' lang='lat' dir='ltr'><strong>annal.</strong></span> <span class='ocrx_word' id='word_1_371' title='bbox 530 4511 589 4581; x_wconf 84' lang='lat'>135,</span> <span class='ocrx_word' id='word_1_372' title='bbox 601 4515 635 4568; x_wconf 82' lang='lat'><strong>75</strong></span> <span class='ocrx_word' id='word_1_373' title='bbox 654 4531 694 4584; x_wconf 78' lang='lat' dir='ltr'><strong>sq·</strong></span> <span class='ocrx_word' id='word_1_374' title='bbox 1097 4586 1145 4639; x_wconf 77' lang='lat'><strong>12*</strong></span> 
     </span>
    </p>
   </div>
   <div class='ocr_carea' id='block_1_7' title="bbox 0 0 1624 5252">
    <p class='ocr_par' dir='ltr' id='par_1_8' title="bbox 0 0 1624 5252">
     <span class='ocr_line' id='line_1_40' title="bbox 0 0 1624 5252; baseline 0 3"><span class='ocrx_word' id='word_1_375' title='bbox 0 0 1624 5252; x_wconf 95' lang='lat' dir='ltr'><strong> </strong></span> 
     </span>
    </p>
   </div>
  </div>
 </body>
</html>
