3240 5252
110 527 196 614 [223]
548 535 647 589 Studia
665 536 801 591 romana.
1200 534 1242 596 63

109 712 164 777 sed
183 719 271 778 certe
292 726 475 789 numquam
493 706 751 770 subaudiendum
771 711 827 788 est,
852 726 924 771 cum
945 709 1052 792 ipsum
1072 711 1245 793 opponitur

110 817 161 878 alii
179 814 317 894 nomini,
344 811 378 874 id
398 809 482 891 quod
507 809 568 872 hoc
591 807 663 872 loeo
681 809 728 875 fit
759 809 819 890 Sic,
843 811 871 872 si
890 811 985 873 etiam
1010 811 1062 875 hic
1085 812 1245 877 adiectiva

109 920 190 983 inter
214 936 249 980 se
271 917 523 998 opponerentur,
547 916 583 973 ut
606 930 633 975 e.
650 932 678 994 g.
700 913 717 994 ᾖ
736 912 786 994 20,
811 932 849 976 ac
867 914 942 976 talia
964 914 1032 978 fere
1051 915 1243 999 legerentur,

110 1020 214 1101 qualia
238 1019 334 1081 sunt:
362 1015 434 1080 Non
455 1017 537 1079 enim
556 1017 682 1078 otiosum
706 1016 743 1080 de
761 1017 834 1080 iuda
856 1023 912 1080 aut
930 1019 1085 1081 ricantem
1108 1019 1145 1083 de
1163 1019 1243 1102 foro,

108 1125 158 1188 scd
180 1123 395 1188 doctissimum
417 1124 444 1182 et
463 1116 721 1202 perfectissimum
745 1121 929 1203 quaerimus,
953 1119 1006 1183 hic
1028 1119 1113 1183 haud
1136 1123 1245 1205 potius

110 1245 203 1307 quam
219 1225 288 1287 illic
305 1221 442 1284 oratoris
460 1238 578 1282 nomen
594 1219 792 1284 adderemus
817 1221 939 1284 Verum
958 1221 993 1284 in
1012 1223 1067 1304 eis,
1092 1242 1174 1305 quae
1191 1225 1245 1290 hic

109 1329 267 1411 leguntur,
289 1327 399 1388 orator
415 1323 584 1406 opponitur
600 1321 804 1386 declamatori
820 1343 857 1388 ac
872 1324 1002 1415 rabulae
1022 1345 1128 1407 noque
1146 1327 1246 1409 igitur

110 1428 381 1508 subaudiendum,
405 1427 501 1488 immo
526 1425 772 1489 adscribendum
797 1432 845 1490 est
867 1427 901 1488 id
923 1429 1083 1508 nomenll.

197 1635 288 1717 §bd
313 1626 476 1696 Disseruit
490 1630 612 1694 Tullius
635 1632 670 1693 in
690 1633 708 1712 ξ
725 1633 767 1694 43
789 1633 849 1694 tria
865 1632 1004 1696 videnda
1027 1653 1097 1698 esse
1114 1637 1244 1700 oratori:

112 1738 186 1820 quid
210 1737 299 1800 dicat
324 1741 357 1799 et
381 1753 443 1815 quo
468 1734 611 1815 quidque
634 1733 704 1798 loco
725 1740 756 1798 et
779 1754 842 1816 quo
866 1735 976 1815 modo,
1001 1739 1066 1819 agit
1088 1737 1187 1819 igitur
1210 1741 1244 1801 in

112 1841 149 1922 ἓξ
165 1841 299 1902 44-49
327 1836 368 1900 de
387 1837 581 1916 inventione,
605 1836 639 1898 in
664 1837 741 1917 §50
766 1837 805 1901 de
829 1837 1047 1920 collocatione,
1069 1841 1104 1901 in
1128 1842 1245 1905 ceteris

113 1963 191 2024 quae
210 1947 398 2024 sequuntur
412 1939 618 2023 paragraphis
635 1938 674 2002 de
690 1939 816 2003 acdona
840 1945 872 2004 et
892 1940 931 2004 de
951 1941 1139 2023 elocutione,
1164 1962 1245 2025 quas

112 2047 281 2128 praecipue
298 2042 482 2106 tractandas
497 2042 558 2104 sibi
575 2043 741 2123 proposuit
755 2043 789 2104 in
807 2041 947 2106 Oratore.
971 2043 1020 2107 De
1037 2044 1243 2110 collocatione

113 2153 214 2211 autem
233 2148 316 2210 haec
331 2145 468 2228 profert:
494 2144 564 2208 Iaru
583 2165 651 2208 aero
670 2167 713 2226 ea,
730 2167 807 2232 quaa
827 2149 1063 2231 inveneritque
1082 2148 1244 2233 diligentia

113 2251 268 2332 collocabit,
283 2251 433 2334 quoniam
444 2247 479 2311 id
489 2248 654 2311 secundum
667 2253 735 2312 erat
745 2249 783 2312 cie
794 2249 907 2313 tribus!
927 2248 1081 2315 Vestibula
1092 2253 1244 2316 nimirum

112 2352 231 2418 bonesta
243 2351 599 2435 aditusqueadcausam
609 2349 703 2432 faciet
712 2352 998 2437 illustres3cumquc
1010 2356 1129 2417 animos
1134 2357 1245 2439 prima

113 2459 300 2542 oppressione
323 2456 519 2538 occupaverit,
539 2453 709 2536 infirmabit
727 2455 920 2546 excludetque
939 2459 1113 2536 contraria;
1134 2458 1171 2520 de
1188 2456 1245 2540 fir·

112 2562 252 2624 nissimis
276 2559 346 2623 abia
363 2560 473 2641 prima
490 2563 596 2641 ponet,
620 2557 684 2621 alia
702 2564 866 2642 postrema,
886 2558 1104 2645 inculcabitque
1122 2560 1243 2625 leviora.

198 2662 291 2726 Haec
317 2660 416 2723 verba
439 2659 551 2722 mutila
574 2678 645 2722 esse
669 2679 762 2723 nemo
786 2667 889 2743 negat.
922 2660 1005 2723 Nam
1029 2681 1101 2724 cum
1121 2662 1245 2727 Tullius

113 2764 177 2846 ipse
200 2765 394 2848 saepissime
419 2767 569 2844 quattuor
592 2781 661 2826 esse
686 2763 839 2826 orationis
863 2767 968 2846 partes
988 2764 1148 2829 docuerit:
1174 2785 1246 2848 pro·

113 2869 256 2950 oemium,
282 2867 510 2947 narrationem,
535 2866 852 2948 argumentationem,
876 2867 1118 2949 perorationem,
1138 2871 1244 2932 tamen

113 2969 163 3034 hic
186 2971 225 3035 de
244 2971 413 3054 prooemio
433 2971 556 3031 tantum
581 2972 614 3031 et
633 2967 671 3031 de
691 2969 975 3051 argumentatione,
995 2969 1052 3032 sed
1074 2989 1179 3052 neque
1205 2971 1244 3035 de

112 3076 292 3138 narratione
325 3090 432 3153 neque
463 3072 502 3135 de
534 3072 734 3153 peroratione
764 3071 915 3153 loquitur,
947 3091 983 3134 ac
1014 3091 1056 3134 ne
1085 3072 1123 3135 de
1152 3092 1245 3155 argu-

112 3178 309 3240 mentatione
341 3174 479 3256 quidem,
508 3175 565 3238 sed
593 3174 633 3237 de
662 3174 748 3237 illius
777 3175 876 3238 altera
903 3177 1026 3237 tantum
1055 3182 1152 3258 parte,
1181 3196 1246 3258 qua

113 3281 253 3361 opposita
273 3277 477 3342 refelluntur.
510 3277 719 3341 Desideratur
738 3278 836 3360 igitur
853 3282 979 3360 praeter
998 3297 1042 3358 ea,
1067 3297 1150 3359 quae
1166 3278 1244 3361 dixi,

113 3380 206 3446 altera
230 3399 366 3465 quoque
391 3381 674 3462 argumentationis
693 3399 774 3462 pars,
799 3399 837 3442 ca
855 3379 985 3462 scilicet,
1010 3400 1073 3462 qua
1092 3400 1150 3443 sua
1169 3400 1245 3444 con-

110 3482 216 3548 firmat
231 3489 352 3548 orator.
371 3481 497 3545 Docent
510 3482 594 3545 enirn
609 3502 682 3545 cum
699 3482 752 3544 alii
768 3487 836 3544 tum
853 3481 1009 3564 Sulpitius
1021 3484 1102 3564 (pag.
1116 3484 1189 3564 324,
1202 3485 1243 3547 22

112 3585 214 3670 Halm)
231 3588 334 3652 haec:
352 3586 595 3671 Argumentatic,
612 3592 645 3648 ut
661 3586 806 3664 dicimus,
822 3588 857 3649 in
872 3585 951 3649 duas
960 3592 1068 3669 partes
1083 3586 1244 3669 diuiditur,

112 3695 144 3752 ut
165 3695 205 3755 sit
227 3688 426 3774 confirmatio
448 3695 476 3752 et
499 3688 699 3773 reprehensio.
734 3687 934 3772 Confirmatio
956 3695 999 3752 est
1021 3709 1125 3753 eorum
1149 3711 1245 3775 arpa-

112 3801 281 3859 mentoeum
304 3799 396 3876 atque
413 3813 520 3856 aarum
541 3793 759 3876 quaestionum,
784 3813 861 3876 quaa
879 3812 916 3855 ea
933 3798 1039 3856 neura
1055 3800 1145 3876 parte
1163 3801 1244 3876 sunt,

112 3916 185 3980 qnae
215 3897 333 3963 Graeci
360 3895 586 3973 προηγούμενα
614 3895 777 3979 appretient.
814 3894 967 3957 Eiusdem
991 3895 1244 3960 confirmationis

113 3997 336 4064 definitionem
365 4017 402 4062 ac
431 3997 618 4080 praesertim
646 3997 912 4080 reprehensioniS,
937 4016 1019 4079 quae
1043 3998 1132 4061 deest
1160 4000 1245 4081 apud

113 4113 328 4128 v

202 4175 222 4243 ¹)
242 4175 283 4227 De
303 4171 402 4238 altera,
422 4187 495 4240 quae
514 4170 544 4223 in
562 4169 660 4223 eadem
680 4169 856 4238 paragrapho
875 4173 974 4236 exstat,
995 4170 1153 4238 corruptela
1166 4169 1245 4225 Mad·

112 4255 184 4324 rigio
197 4256 343 4312 assentior
357 4259 440 4324 atque
455 4255 566 4311 collatis
579 4256 619 4309 De
633 4271 673 4312 or.
687 4256 717 4322 ll,
731 4255 784 4308 309
798 4261 825 4310 et
838 4255 910 4310 Part.
926 4271 965 4309 or.
979 4256 996 4309 8
1009 4273 1084 4322 eam,
1099 4272 1183 4324 quam
1197 4257 1245 4312 ille

113 4341 140 4394 in
159 4345 220 4398 adv.
235 4345 297 4400 crit.
312 4343 356 4411 Ill,
371 4343 404 4396 97
419 4343 504 4410 dedit,
519 4343 673 4410 amplector
691 4341 897 4397 coniecturam:
917 4357 971 4393 non
989 4345 1062 4394 enim
1078 4359 1185 4410 semper
1197 4361 1246 4398 nec

115 4428 143 4478 in
161 4432 285 4485 amnibus
298 4429 392 4482 causis
405 4445 438 4480 aa
450 4429 536 4481 isdem
548 4426 640 4498 <iocis
653 4425 769 4496 eadem>
787 4432 1014 4494 argumentorum
1026 4434 1158 4481 momenta
1170 4437 1245 4484 aunt.
