3240 5252
365 539 408 604 68
812 547 932 602 Petrus
951 549 1043 617 Bais,
1405 545 1492 630 [228]

362 724 484 806 legitur
506 724 540 785 in
563 720 653 784 libris
676 739 775 783 manu
798 721 940 803 scriptis:
966 721 1034 807 Epo
1056 729 1166 804 autem,
1190 727 1283 788 etiam
1307 728 1335 789 si
1357 745 1489 810 pamac-

363 829 438 894 dam
464 825 596 913 prandia
622 831 649 889 et
677 831 788 888 oracta
815 845 872 888 coc
897 831 941 888 est
964 833 1141 908 poetarum,
1170 833 1272 891 tamea
1300 831 1334 891 iu
1362 851 1398 892 ec
1425 849 1491 892 cam

363 931 517 996 licentiam
540 935 640 993 actuo
662 929 809 992 maiorem
832 947 891 991 esse
914 949 1006 1011 quam
1029 931 1065 992 iu
1083 929 1168 993 uoltis
1186 929 1402 1011 faciendorum
1424 934 1492 994 icca-

361 1031 590 1121 paedoremque
605 1029 772 1104 amborum,
789 1037 853 1094 tum
869 1033 961 1094 diem
977 1031 1196 1095 nonnullorum
1212 1034 1364 1098 mactati
1378 1035 1494 1098 vocibus

363 1139 463 1222 inopis
485 1157 578 1221 qaam
600 1131 689 1198 relus
710 1135 896 1211 inerciam
921 1155 973 1197 aee
991 1155 1068 1215 cero,
1091 1138 1119 1198 si
1137 1137 1272 1220 quidest
1291 1155 1390 1200 acuum
1413 1141 1494 1201 iuter

363 1259 411 1304 eos
438 1239 536 1302 simile
564 1273 606 1281 —
635 1237 671 1300 id
697 1243 798 1300 autem
826 1242 869 1300 est
895 1237 1046 1300 iactatam
1074 1237 1232 1323 electioque
1259 1239 1418 1303 certorum
1451 1277 1490 1284 -

363 1349 525 1426 propterea
542 1346 712 1404 ceterorum
731 1359 837 1402 reram
856 1338 1074 1403 dissimilitudo
1091 1341 1226 1425 iutellepi
1243 1361 1305 1405 noce
1321 1349 1425 1425 potest.

454 1443 501 1507 Ac
523 1445 661 1526 primum
684 1441 834 1506 minutati
856 1441 909 1504 hic
932 1442 1039 1505 locum
1062 1461 1127 1504 uon
1151 1461 1229 1524 esse,
1253 1443 1311 1506 sed
1334 1445 1490 1528 uoluptati,

364 1567 461 1630 quam
473 1549 614 1610 sectatur
625 1546 739 1628 poesia,
756 1551 787 1607 et
799 1544 1010 1624 delectationi,
1023 1545 1161 1627 ideoque
1174 1546 1296 1610 codicis
1309 1546 1403 1610 baur.
1417 1549 1465 1624 50,
1479 1575 1488 1610 1

304 1689 306 1692 .
362 1649 529 1714 librarium
548 1649 730 1730 Aldumque
753 1653 878 1710 rectum
902 1647 1020 1711 vidisse
1042 1650 1165 1732 priores
1190 1650 1427 1712 existimabant.
1451 1650 1491 1712 Et

364 1756 440 1836 quia
469 1755 580 1836 poetae
610 1769 674 1814 non
702 1751 796 1813 modo
821 1749 1057 1832 nonnullorum,
1085 1751 1143 1814 sed
1167 1753 1311 1814 omnium
1336 1753 1489 1834 voluptati

363 1857 556 1920 inservirent
584 1873 689 1937 neque
709 1853 820 1916 Cicero
845 1871 955 1916 omnes
978 1860 1052 1936 poet
1053 1873 1088 1916 as
1039 1853 1244 1917 tvocibns
1267 1857 1371 1937 niagis
1395 1875 1489 1937 quarn

362 1957 458 2023 rebus
482 1957 678 2040 voluptatem
700 1958 816 2020 sectari
838 1957 975 2019 dixisset
963 1961 1053 2019 ttau
1041 1957 1188 2020 tdicere
1212 1958 1379 2039 potuisset,
1359 1958 1490 2020 tltlad-

363 2063 468 2145 vigius
497 2062 531 2123 in
561 2060 642 2124 Adv.
663 2061 730 2123 crit.
710 2059 791 2141 Ι,ΙΙ
823 2061 884 2122 189
915 2059 1103 2141 corrigenda
1132 2061 1315 2142 proposuit.
1287 2058 1490 2126 tuounulli

361 2185 468 2231 eoram
499 2165 647 2248 voluptati
761 2165 940 2226 inserviunt.
973 2162 1025 2225 Ad
1058 2181 1155 2245 quam
1188 2164 1410 2227 coniecturam
1442 2183 1488 2226 re-

361 2265 535 2331 fellendam
554 2268 630 2329 satis
649 2265 749 2329 habeo
769 2265 959 2346 adscribere,
980 2283 1062 2346 quae
1085 2267 1251 2329 verissima
1269 2267 1433 2350 Sauppius
1455 2268 1486 2329 in

361 2369 457 2433 libell.
477 2369 583 2432 select.
604 2368 678 2432 edit.
699 2385 768 2451 pag.
789 2369 887 2449 214¹)
911 2368 1057 2450 protulit:
1089 2367 1277 2432 Ciceronem
1302 2369 1412 2433 dicere
1436 2389 1491 2432 no-

361 2475 469 2554 luisse,
494 2472 571 2554 quid
594 2477 708 2555 poetae
733 2470 863 2552 quidam
886 2471 972 2533 illius
996 2471 1107 2534 aetatis
1127 2472 1357 2535 nonnullorum
1373 2473 1490 2536 iudicio

362 2586 394 2640 et
416 2575 574 2640 voluntati
603 2576 800 2653 satisfacturi
828 2575 863 2636 in
887 2574 1082 2637 carminibus
1114 2575 1346 2657 componendis
1376 2593 1490 2657 seque

360 2684 482 2761 rentur,
507 2679 562 2742 sed
587 2699 650 2760 qua
671 2697 708 2741 re
733 2698 773 2740 ex
797 2677 1027 2739 nonnullorum
1050 2677 1171 2740 Iudicio
1196 2695 1247 2740 ars
1270 2679 1399 2760 poetica
1423 2679 1488 2760 ipsa

364 2783 591 2846 contineretur.
626 2771 710 2844 num
734 2782 819 2843 enim
843 2797 1013 2862 exponere,
1045 2799 1102 2843 cur
1125 2785 1236 2862 poetae
1260 2781 1408 2844 universi
1429 2779 1489 2844 sibi
1601 2813 1602 2818 .

362 2905 439 2949 cum
467 2883 645 2947 oratoribus
670 2883 873 2966 comparandi
896 2903 962 2945 nou
986 2901 1055 2946 esse
1084 2883 1293 2965 videantur-²).
1331 2883 1489 2967 Sauppius

361 2989 462 3071 igitur
492 2988 697 3051 scribendum
729 2987 893 3069 opinatur:
926 2987 1146 3050 emutilatum
1177 2987 1343 3068 immutate,
1378 2987 1489 3050 collata

363 3093 527 3156 Ciceronis
555 3091 594 3153 ad
617 3091 690 3153 fam.
710 3092 799 3172 epist.
819 3089 910 3171 XIII,
940 3092 968 3170 5,
994 3089 1029 3151 2;
1061 3109 1130 3153 cum
1231 3091 1354 3154 ¹celitus
1457 3093 1490 3154 iu
1601 3069 1602 3076 ἵ

360 3198 501 3282 patriam
526 3196 679 3274 voluntate
709 3197 845 3258 omnium
873 3194 995 3257 concedi
1027 3194 1188 3256 rideretur.
1223 3192 1266 3256 Et
1295 3213 1489 3274 quamquam

362 3301 434 3362 loco
454 3295 606 3360 advocato
630 3296 786 3360 ablativus
810 3315 884 3358 cum
907 3295 1005 3358 verbo
1029 3298 1156 3358 vinctus
1181 3300 1236 3377 est,
1262 3301 1372 3360 tamen
1393 3293 1487 3377 quem

362 3401 521 3483 Sauppius
538 3401 590 3462 hic
613 3399 724 3461 induci
747 3398 824 3479 vult,
848 3397 1004 3460 ablativus
1027 3399 1060 3460 in
1079 3397 1169 3460 Laur.
1184 3399 1234 3479 50,
1247 3401 1306 3479 1³⁸)
1326 3400 1490 3462 invenitur

363 3524 401 3567 ac
419 3503 513 3566 facile
537 3502 697 3584 probatur,
722 3521 796 3564 cum
819 3498 873 3563 illo
896 3503 1014 3564 cnrisso
1038 3500 1078 3563 ad
1102 3519 1141 3564 ea
1164 3519 1247 3582 quae
1273 3508 1352 3563 sunt
1376 3503 1490 3566 ocutis

362 3609 462 3692 inopis
485 3627 577 3691 pacm
600 3605 689 3669 retas
711 3604 903 3686 gerundium
929 3604 1089 3684 quoddam
1113 3602 1322 3666 desideretur.

454 3705 1328 3789 Alterumquoquemendumbuiclocoinessevidetur.
1349 3708 1489 3771 Pessime
1601 3771 1602 3780 ,

363 3813 451 3876 enim
479 3813 565 3874 inter
592 3829 626 3874 se
656 3809 913 3892 respondentia
934 3831 970 3873 ec
995 3816 1029 3872 et
1050 3812 1085 3873 iu
1109 3809 1193 3872 uotis
1221 3809 1297 3872 bina
1326 3810 1488 3888 vocabula,
1601 3797 1602 3802 ’

365 3934 502 3996 quorum
526 3915 632 3996 priora
654 3913 693 3975 ad
713 3917 880 3995 ‘poetarum
906 3929 1019 3974 vocem
1040 3917 1194 3994 spectant,
1223 3913 1401 3994 posteriora
1422 3931 1489 3974 ora·

364 4023 467 4079 torum
493 4036 644 4098 personas
668 4015 859 4098 significant.
895 4015 994 4078 Porro
1020 4013 1060 4075 ad
1084 4019 1224 4077 oratores
1242 4020 1419 4096 poetasque
1442 4032 1488 4076 re-

456 4203 571 4272 ¹)C0ni
586 4203 655 4256 Tull.
672 4219 734 4272 pag.
750 4202 790 4256 11.

455 4288 475 4356 )
494 4289 569 4342 Haec
583 4288 682 4341 eadem
696 4287 828 4340 Eussnerr
838 4287 876 4355 (L
891 4285 920 4342 C
936 4281 1005 4340 1886
1008 4285 1088 4356 ‚511)
1107 4291 1259 4340 occurrunt
1273 4287 1343 4342 illis:
1364 4284 1488 4339 cucumelli

365 4390 466 4439 eorum,
484 4373 559 4510 <psai
577 4373 732 4442 audiunt>
752 4375 892 4426 volantati.

454 4458 536 4526 ³)Cl.
550 4459 670 4512 W.f.kl.
685 4459 733 4511 Ph
747 4459 778 4524 ΙΙ,
794 4458 863 4510 1010
876 4475 916 4527 sq
