3240 5252
361 516 403 578 38
810 524 929 580 Petrus
949 524 1040 594 licis,
1403 517 1490 603 [198]

361 696 512 778 quoniam
543 715 625 777 quae
657 696 692 759 in
720 695 988 760 commentariolis
1017 701 1049 760 et
1077 697 1298 781 chirographis
1322 705 1354 761 et
1377 697 1492 760 libellis

361 802 492 878 tantum,
519 818 593 880 non,
622 804 658 861 ut
684 798 779 881 leges
809 798 843 860 in
867 817 940 862 aere
964 799 1029 862 sint
1052 805 1117 861 tam
1139 799 1290 882 religiose
1314 805 1492 863 serventur.

361 901 453 978 Quod
481 901 542 965 hoc
572 902 810 982 enthymemate
841 902 1009 984 exprimit:
1041 903 1094 966 Aa
1122 906 1157 967 in
1184 905 1446 969 commentariolis
1468 913 1493 968 ct

359 1005 573 1090 cbiroyrapbia
594 1011 623 1070 et
644 1005 752 1070 libellis
773 1026 804 1070 sc
827 1008 881 1087 (sc.
899 1005 941 1068 ll.
957 1003 1108 1086 Antonio)
1131 1027 1193 1070 uno
1211 1013 1336 1071 auctore
1348 1007 1492 1091 prolatis,

360 1129 398 1172 ac
414 1109 544 1192 prolatis
562 1108 695 1193 quidem,
714 1109 767 1172 aed
782 1115 903 1172 mnium
918 1108 1006 1173 modo
1025 1109 1123 1190 dictis,
1146 1115 1216 1173 acia
1236 1108 1381 1174 Caesaris
1397 1110 1491 1193 firma

358 1216 469 1275 crunt:
492 1231 569 1295 quoa
590 1210 642 1274 iile
663 1213 698 1275 in
715 1231 767 1275 aas
784 1212 902 1291 inridit,
926 1213 960 1274 in
979 1232 1037 1296 quo
1046 1212 1157 1297 popuii
1171 1215 1256 1277 iussa
1266 1219 1491 1298 perpetuasque

357 1313 436 1398 lepos
463 1334 523 1378 esec
550 1313 650 1394 oderit,
673 1334 735 1398 pro
765 1314 862 1378 nihilo
889 1313 1140 1392 immantatum)
1177 1313 1266 1377 Nihil
1296 1319 1406 1377 autem
1431 1321 1491 1377 tam

360 1435 430 1480 esse
453 1416 487 1478 in
510 1417 590 1480 actis
610 1415 755 1480 Caesaris
778 1437 875 1499 quam
899 1419 969 1481 eius
988 1417 1075 1499 leges
1094 1418 1266 1482 contendit
1290 1419 1353 1499 Aa,
1378 1419 1490 1500 inquit

358 1523 387 1584 ai
408 1523 459 1583 cui
481 1519 558 1604 quid
579 1520 630 1584 illc
647 1523 801 1605 promisit,
825 1521 860 1585 id
882 1524 942 1586 orii
962 1520 1069 1604 mmm,
1093 1522 1174 1606 qaod
1196 1521 1277 1585 idm
1299 1520 1408 1603 facere
1431 1543 1490 1585 noo

355 1621 481 1708 potuit?
504 1622 711 1687 Desideratur
734 1624 831 1688 huius
855 1624 942 1688 modi
965 1624 1103 1706 aliquid:
1133 1624 1291 1688 ‘Caesaris
1314 1624 1406 1708 leges
1429 1645 1491 1688 non

360 1731 456 1790 erunt
479 1725 600 1789 ratael’
630 1725 729 1789 Citius
753 1727 940 1791 iuooocemc
963 1727 1043 1809 loco,
1072 1727 1178 1792 verbis
1206 1747 1288 1809 quae
1311 1733 1391 1791 sunt
1414 1730 1492 1813 paca

359 1830 440 1893 idem
463 1829 566 1912 facere
589 1848 650 1893 aon
667 1832 771 1914 potuit
788 1832 975 1911 commotus,
994 1836 1101 1912 patres
1118 1831 1315 1912 conscriptos
1333 1830 1491 1913 admonet,

361 1951 456 2013 quam
468 1932 577 1994 multis
589 1931 705 1996 Caesar
718 1932 816 1996 multa
827 1935 986 2016 promissa
1002 1953 1067 1997 non
1084 1933 1204 2015 lecerit
1219 1934 1318 1996 immo
1336 1937 1492 2017 promissa
1595 1966 1596 2008 1

359 2035 460 2099 multo
484 2036 574 2118 plura
598 2035 653 2099 illo
676 2041 803 2099 mortuo
826 2042 954 2119 reperta
973 2055 1052 2117 esse,
1076 2056 1172 2118 quam
1196 2057 1215 2099 a
1238 2038 1312 2100 vivo
1333 2037 1492 2101 beneficia
1595 2031 1596 2042 ’

359 2158 417 2222 per
440 2157 549 2202 omues
573 2157 674 2202 annos
697 2139 817 2202 tributa
840 2140 912 2202 sint.
937 2139 1045 2203 Nihilo
1065 2139 1165 2203 setius
1184 2158 1218 2202 se
1238 2159 1365 2203 summo
1386 2141 1490 2203 studio

359 2242 446 2306 illius
469 2247 539 2305 acta
562 2240 745 2323 defendere,
769 2241 926 2324 omnibns,
950 2241 1123 2304 dummodo
1147 2242 1268 2305 sintin
1292 2244 1383 2324 actis,
1407 2243 1490 2306 illius

359 2346 537 2428 praeceptis
561 2345 774 2427 obtemperari
798 2344 890 2408 velle.
926 2344 1014 2409 Tunc
1044 2344 1169 2425 subicit
1197 2345 1254 2408 sed
1282 2346 1346 2408 alia
1369 2347 1489 2409 ratione

360 2454 456 2531 atque
475 2450 577 2530 primo
597 2448 709 2511 habuit
731 2449 766 2510 in
789 2448 903 2530 animo,
930 2447 1083 2511 ἀπόδοειν
1107 2448 1196 2510 hisce
1220 2447 1343 2510 verbis:
1370 2449 1491 2535 Ecquid

359 2558 409 2631 cst,
434 2553 513 2636 quod
536 2558 599 2616 iam
619 2554 747 2636 proprie
770 2552 833 2616 dici
849 2554 946 2636 possit
968 2557 1071 2616 actum
1093 2554 1166 2632 eiua,
1185 2553 1239 2636 qui
1257 2557 1379 2636 topatus
1402 2555 1437 2616 ia
1458 2573 1490 2615 rc

354 2654 480 2739 publica
502 2676 571 2718 cum
594 2661 735 2732 commota
757 2657 943 2740 imperioque
965 2661 1100 2719 amamus
1121 2657 1169 2733 ait,
1194 2676 1285 2739 quam
1311 2654 1386 2718 lec?

449 2758 493 2820 At
515 2777 582 2820 non
605 2756 699 2820 modo
724 2761 886 2820 elatorum
910 2763 959 2820 est
980 2776 1133 2840 magnum
1149 2757 1301 2819 orationis
1319 2757 1488 2822 circuitum

360 2862 405 2924 ita
422 2860 567 2923 relaxare
589 2861 624 2922 in
648 2859 812 2941 complura
834 2861 945 2941 incisa,
969 2864 1081 2942 poetae
1105 2879 1233 2942 quoque
1257 2859 1393 2924 eandem
1418 2880 1489 2924 con-

360 2963 548 3027 tinuationis
572 2963 812 3027 dissolutionem
837 2963 876 3026 ad
899 2969 1000 3026 artem
1023 2967 1120 3044 atque
1143 2961 1183 3025 ad
1206 2968 1379 3045 praecepta
1402 2982 1489 3026 revo-

361 3072 515 3132 caverunt
549 3085 650 3149 eaque
685 3068 732 3130 uti
766 3087 832 3130 non
867 3067 1023 3132 dubitant.
1067 3065 1254 3130 Lucretium
1290 3067 1423 3148 quidem
1456 3067 1488 3128 in

360 3171 523 3254 prooemio
538 3169 612 3233 libri
634 3171 730 3252 primi
746 3170 793 3234 De
815 3190 924 3234 rerum
947 3175 1061 3233 natura
1083 3171 1167 3233 hanc
1190 3172 1290 3234 artem
1307 3170 1489 3233 adhibuisse

360 3273 612 3357 praeclarissime
639 3273 811 3336 illustravit
833 3273 1103 3338 Reitzensteinius
1131 3273 1165 3336 in
1189 3271 1305 3352 libello,
1336 3292 1432 3354 quem
1456 3273 1488 3334 in
1589 3267 1592 3276 '

360 3379 414 3441 Th.
440 3377 643 3440 Mommsenii
676 3376 831 3440 honorem
863 3375 991 3458 scripsit
1021 3373 1249 3457 inscripsitque
1283 3372 1378 3438 ‘Drei
1412 3374 1488 3438 Ver-

360 3485 538 3562 mutungeu
561 3498 620 3542 zur
643 3478 833 3542 Geschichte
857 3478 914 3542 der
936 3477 1118 3540 romischen
1141 3475 1319 3540 literatur'.
1356 3476 1419 3553 Qui
1441 3477 1489 3537 vir

362 3583 573 3663 doctissimus
605 3580 682 3663 quid
705 3581 760 3645 illo
783 3581 818 3643 in
846 3582 1008 3663 prooemio
1041 3579 1213 3644 dicendum
1241 3579 1340 3643 fuerit
1369 3585 1489 3664 poetae,

362 3687 409 3750 sio
439 3685 637 3767 explanat²):
669 3684 745 3748 ‘Der
768 3683 901 3749 Dichter
930 3683 1041 3746 musste
1071 3683 1271 3764 motivieren,
1302 3703 1424 3747 warum
1455 3701 1489 3745 er

362 3787 477 3870 gerade
507 3807 548 3850 an
576 3787 664 3850 diese
688 3786 830 3850 Gottheit
858 3785 927 3850 sich
950 3785 1103 3868 wendete‚
1128 3786 1186 3849 der
1207 3784 1357 3867 Hymnos
1381 3785 1487 3849 musste

363 3891 435 3953 eine
450 3889 592 3972 logische
608 3888 791 3972 Folgerung
812 3889 846 3950 in
866 3889 936 3953 sich
955 3887 1159 3970 auinehmen,
1182 3886 1304 3952 welche
1324 3888 1392 3952 sich
1414 3886 1488 3950 roll·

352 3992 490 4075 stannig
511 3993 608 4055 haum
631 3991 736 4074 geben
759 3990 833 4073 liell,
857 3991 924 4053 und
944 3990 1050 4054 durite
1066 3989 1149 4053 doch
1165 3990 1227 4054 den
1242 3988 1406 4073 Sohwung
1423 3989 1486 4052 und

362 4092 428 4156 Tou
451 4095 541 4158 nicht
563 4093 733 4175 einbilllen⁷
757 4092 815 4157 der
837 4094 932 4157 allein
955 4092 1018 4156 den
1038 4091 1135 4156 Leser
1159 4092 1214 4155 das
1237 4092 1486 4174 Unzalinchhe

456 4250 474 4315 ¹)
491 4250 582 4303 Hosce
608 4249 715 4318 primae
745 4248 883 4302 orationis
911 4247 1085 4316 Philippicae
1110 4247 1187 4300 locos
1216 4263 1231 4299 e
1259 4245 1363 4300 Clarkii
1392 4261 1485 4300 recen·

364 4331 442 4387 sione
462 4334 554 4388 laudo.

454 4418 474 4486 ²)
494 4418 524 4471 ln
544 4435 604 4487 cap.
618 4419 666 4472 lll:
687 4418 793 4472 Lukrez
812 4418 870 4472 und
891 4416 997 4485 Cicero,
1016 4433 1077 4486 pag.
1090 4417 1125 4470 47
1145 4433 1185 4486 sq.
