3228 5268
331 434 371 487 De
391 432 518 502 Gregorii
535 432 708 488 Nazianzeni
727 432 901 488 orationibus
919 431 1091 489 funebribus.
1253 430 1273 492 5

137 623 273 672 necesse
299 606 364 670 erit
390 606 585 688 perquirere,
616 624 679 686 quo
708 604 802 668 modo
831 604 995 687 dispositio
1023 605 1103 670 haec
1130 609 1200 668 orta
1222 608 1274 688 sit,

137 712 193 774 cui
217 713 277 772 aut
302 708 423 790 quibus
446 707 612 772 autoribus
636 708 781 790 singulae
805 707 971 770 divisionis
993 707 1029 768 in
1053 726 1090 770 ea
1112 708 1275 776 adhibitae

137 817 245 897 partes
264 812 454 876 debeantur.
478 811 561 874 Nam
576 829 634 893 per
653 829 688 874 se
708 815 795 894 patet
813 811 1076 894 compositionem
1096 815 1162 874 tam
1181 813 1274 876 stric-

138 921 205 982 tam
226 921 363 997 tamque
385 914 591 978 artificiosam
611 934 676 977 non
697 914 735 976 ab
756 933 823 978 uno
843 914 972 976 homine
993 914 1170 978 conlectam
1194 933 1274 997 esse,

139 1019 199 1086 sed
222 1020 386 1103 plurimos
400 1018 435 1080 in
450 1016 505 1080 illa
521 1014 745 1080 constituenda
767 1014 987 1078 elaboravisse.
1010 1017 1119 1098 Atque
1134 1016 1275 1098 primum

140 1122 321 1188 dicendum
348 1124 398 1185 est
421 1120 500 1182 duas
528 1117 599 1180 illas
623 1117 776 1200 epitaphii
801 1122 920 1201 partae,
950 1118 1080 1182 laudem
1108 1124 1139 1182 et
1162 1138 1275 1184 conso-

142 1226 299 1290 lationem
332 1222 619 1304 (adhortationem),
652 1222 795 1284 omnium
824 1221 1058 1303 epitaphiorum
1089 1241 1275 1286 communes

139 1347 227 1394 esse:
258 1325 476 1407 Thucydides
500 1322 766 1405 Pseudo-Lysiae,
791 1322 889 1405 Plato,
913 1322 1105 1406 Hyperides,
1134 1323 1276 1388 Pseudo-

144 1430 393 1510 Demosthenes,
424 1428 484 1492 Dio
516 1426 772 1508 Chrysostomus,
802 1425 969 1507 Aristides
999 1426 1193 1490 Themistius
1223 1447 1277 1492 eas

148 1535 306 1617 praebent
317 1534 356 1614 ¹),
381 1548 654 1615 supervacaneum
674 1530 774 1612 igitur
789 1533 838 1592 est
853 1529 973 1592 diutius
988 1529 1024 1590 in
1038 1528 1100 1593 hac
1114 1548 1149 1593 re
1164 1529 1278 1594 immo-

145 1639 216 1700 rari.
258 1636 326 1700 Sed
359 1635 532 1697 maximam
560 1637 667 1695 movet
694 1631 936 1694 admirationem
967 1630 1131 1714 dispositio
1161 1633 1279 1716 prioris

144 1741 243 1823 partis
264 1737 430 1821 epitaphii,
451 1755 533 1818 quae
548 1736 642 1798 laude
659 1735 845 1818 completur.
876 1734 957 1798 Cum
973 1737 1082 1799 autem
1098 1737 1137 1798 ad
1153 1736 1278 1800 intelle·

146 1843 289 1926 gendam
321 1845 355 1903 et
383 1839 553 1902 Menandri
590 1838 829 1921 dispositionem
860 1842 893 1901 et
920 1837 1070 1920 Gregorii
1099 1840 1279 1902 orationum

147 1945 341 2008 ‘funebrium
366 1947 560 2006 structuram
587 1943 678 2022 (quas
702 1941 778 2004 dum
803 1941 1020 2024 explanamus
1043 1941 1171 2024 saepius
1195 1947 1279 2006 cete·

149 2067 257 2112 rorum
283 2049 449 2109 oratorum
473 2044 699 2127 dispositiones
722 2044 952 2124 rhetorumque
965 2048 1135 2126 praecepta
1149 2048 1280 2126 tangere

149 2170 229 2234 opus
254 2148 351 2212 nobis
381 2148 467 2228 erit),
499 2147 635 2210 maximi
657 2148 813 2210 momenti
837 2147 879 2209 sit
904 2146 1003 2227 scire,
1035 2166 1131 2228 quam
1155 2147 1220 2208 vim
1249 2150 1282 2212 et

149 2251 424 2336 significationem
434 2249 926 2331 unusquisquerduochabeatet
935 2268 998 2331 quo
1009 2249 1102 2313 modo
1114 2251 1281 2333 exstiterit,

149 2355 291 2420 alienum
317 2373 384 2416 non
410 2371 479 2418 esse
497 2353 610 2436 putavi
632 2351 667 2413 in
683 2353 766 2414 hanc
784 2371 853 2416 rem
871 2351 1065 2433 investigare
1090 2357 1186 2434 atque
1210 2353 1281 2418 bre-

151 2461 282 2522 vissime
296 2458 337 2521 de
348 2456 581 2539 compositione
592 2454 859 2518 laudationum
876 2453 1104 2518 Graecarum
1117 2457 1282 2522 disserere.

152 2563 342 2646 Epitaphios
362 2580 437 2625 vero
456 2561 537 2643 ilice,
557 2563 613 2644 qui
636 2582 703 2625 uon
722 2562 762 2626 ad
785 2562 928 2645 singulos
945 2562 1093 2626 homines
1111 2562 1282 2646 pertinent,

153 2666 209 2730 sed
238 2664 280 2728 ad
309 2663 428 2728 milites
456 2666 491 2726 in
519 2685 628 2748 pugna
654 2669 796 2728 mortuos
829 2666 878 2745 (ut
903 2663 1112 2747 Thucydidis,
1140 2666 1284 2730 Pseudo-

154 2767 271 2850 Lysiae
295 2769 377 2848 etc),
402 2786 475 2830 cum
496 2767 534 2830 ad
552 2767 771 2850 quaestionem
787 2772 928 2830 nostram
948 2769 1188 2850 provehendam
1202 2770 1284 2833 nihil

152 2872 219 2934 iere
245 2869 432 2950 attribuant,
461 2889 526 2933 non
554 2869 618 2932 nisi
644 2869 679 2931 in
707 2871 895 2932 transcursu
924 2872 1059 2953 tangam.
1095 2871 1284 2953 Perquisitis

155 2975 253 3058 igitur
278 2973 429 3036 omnibus
449 2972 644 3036 Graecorum
662 2972 899 3036 laudationibus
917 2976 1161 3058 praeceptisque
1177 2995 1196 3037 a
1211 2975 1284 3038 rhe-

154 3078 276 3141 toribus
307 3076 390 3139 datis
427 3081 559 3139 conatus
587 3095 661 3138 sum
688 3075 887 3156 singularum
911 3076 1134 3159 dispositiones
1162 3095 1284 3157 eruere,

154 3186 196 3261 ut,
214 3201 298 3264 quae
313 3181 396 3242 ratio
411 3180 497 3242 inter
508 3179 651 3261 singulos
668 3179 839 3261 scriptores
855 3179 1078 3259 intercederet,
1094 3183 1283 3258 statuerem,

158 3305 217 3350 nec
249 3287 322 3349 acta
354 3303 407 3346 me
439 3284 499 3346 hac
530 3284 676 3345 instituta
709 3283 923 3366 disputatione
956 3284 1071 3365 egisse,
1116 3301 1190 3345 cum
1220 3283 1284 3344 iam

158 3387 430 3467 Volkmannus2),
453 3383 735 3467 Wendlandiusl),
758 3384 967 3466 Brunsius4),
991 3383 1088 3467 111105)
1116 3404 1185 3449 rem
1212 3403 1284 3467 per·

242 3562 262 3632 ¹)
283 3560 470 3627 Caiiiaux,
502 3560 540 3612 De
571 3559 707 3613 l'oraison
734 3559 850 3613 funebre
879 3559 950 3612 dans
978 3558 1006 3612 la
1034 3557 1122 3612 Grece
1154 3557 1283 3625 paienne.

155 3648 361 3702 Valenciennes
375 3646 453 3699 1861.

243 3744 265 3813 ²)
284 3745 318 3798 R.
338 3743 534 3811 Volkmann,
554 3744 605 3799 Die
624 3744 759 3798 Rhetorik
778 3744 827 3798 der
846 3742 984 3798 Griechen
1002 3743 1060 3797 und
1078 3741 1284 3797 Riimer²1885

155 3846 195 3900 με.
205 3831 529 3984 31ξ8ῗᾳ111111111111111,
562 3915 612 3969 Die
640 3914 770 3968 Tendenz
803 3915 853 3968 des
883 3914 1083 3968 Platonischen
1113 3914 1284 3967 Menexenos

153 4000 253 4070 (Herm.
276 4001 333 4054 vol.
352 3999 425 4054 XXV
445 3999 534 4070 [1890]
554 4017 597 4070 pg.
609 3999 663 4054 184
681 4003 708 4053 et
726 4000 818 4053 Herm.
831 4000 948 4068 XXXIX,
967 3999 1058 4069 [1904]
1078 3998 1149 4068 533).

243 4086 264 4155 ⁴)
285 4088 343 4139 lvo
362 4085 483 4152 Bruns,
502 4086 559 4140 Das
576 4084 764 4140 litterarische
777 4084 888 4138 Portrdt
906 4084 956 4138 der
968 4083 1107 4137 Griechen
1125 4084 1164 4136 im
1176 4080 1293 4136 vierten

156 4172 211 4225 und
228 4171 341 4226 liiniten
360 4169 549 4224 Jahrhundert
567 4188 593 4224 v.
608 4170 671 4224 Chr.
691 4168 770 4222 1896.

244 4256 266 4322 1)
285 4257 314 4309 F.
334 4255 413 4321 Le0,
432 4254 482 4308 Die
502 4252 811 4324 griechisch-rdmische
825 4253 990 4324 Biographie
1003 4255 1078 4308 nach
1090 4253 1165 4307 ihrer
1177 4252 1295 4306 littera·

156 4339 265 4395 rischen
284 4342 368 4393 Form
388 4338 466 4393 1901.
