3228 5268
353 491 396 554 ol
792 497 902 551 Xaver
920 495 1038 564 hortu,

352 667 526 732 virtutibus
554 688 592 733 ac
619 668 712 733 iactis
740 687 796 733 eos
822 687 974 752 superare
1002 686 1207 750 summopere
1232 667 1398 732 studuisse
1420 669 1478 751 (cp.

352 774 492 855 5—8)²).
516 771 641 836 Deinde
662 777 809 856 parentes
832 774 898 834 tarn
922 771 1093 836 coniuncte
1116 771 1225 835 laudat
1247 773 1307 854 (cp.
1326 772 1368 853 9),
1385 791 1479 852 quam

351 875 485 938 seorsim
500 879 625 959 patrem
639 875 787 957 priorem,
802 873 935 938 alteram
949 879 1082 938 matrem
1105 875 1165 956 (op.
1184 875 1245 954 101
1269 873 1312 936 nt
1328 875 1480 955 quoniam

351 978 508 1060 primitias
526 976 631 1040 laudis
645 977 804 1059 (ἀπαρχὰς
819 981 885 1041 τῶν
902 976 1051 1059 ἐπαίνων)
1066 976 1252 1059 parentibus
1268 977 1481 1058 impertirent

351 1081 532 1145 secundum
560 1080 665 1164 legem
695 1080 850 1162 divinam,
881 1098 965 1163 quae
995 1079 1105 1144 iubeat
1133 1079 1321 1162 parentibus
1352 1098 1479 1144 omnem

351 1184 506 1248 honorem
534 1183 653 1262 deberi,
681 1201 716 1248 se
739 1181 852 1246 Basihi
879 1182 982 1264 ipsius
1005 1180 1143 1263 leudem,
1171 1182 1320 1263 quamvis
1345 1181 1480 1246 difficile

351 1285 400 1368 sit,
423 1286 682 1369 praedicaturum
706 1303 784 1349 esse.

438 1388 546 1452 Τόπον
571 1391 728 1452 κάλλους
749 1388 951 1453 tractmdum
974 1408 1040 1452 non
1064 1407 1133 1454 esee
1156 1393 1248 1472 putat
1271 1394 1387 1471 orator,
1410 1397 1476 1455 'uon

352 1494 438 1576 quod
461 1493 601 1556 Basilius
627 1492 762 1575 pulcher
789 1513 855 1558 non
882 1493 989 1576 fuerit,
1013 1494 1070 1558 sed
1097 1493 1174 1574 quia
1197 1512 1234 1557 ea
1257 1493 1325 1556 sola
1348 1487 1479 1557 laudare

351 1595 413 1658 sibi
435 1597 647 1680 proposuerit,
675 1615 757 1678 quae
786 1616 805 1659 a
831 1596 898 1660 fine
928 1597 1081 1660 orationis
1109 1597 1213 1660 aliena
1241 1614 1307 1658 non
1330 1595 1404 1659 sint.
1440 1595 1479 1660 ldt

333 1699 498 1781 sequitur
520 1699 708 1763 transitione
730 1699 816 1764 iacta
837 1698 927 1762 nulla

439 1801 540 1865 τόπος
562 1801 809 1866 παιδεύςεωςε
834 1797 929 1879 ὀἶμαι
953 1803 989 1863 δὲ
1004 1803 1095 1864 πᾶςιν
1116 1799 1155 1864 ἂν
1175 1800 1402 1878 ὁμολογεῑςθαι
1415 1807 1479 1864 τῶν

350 1908 431 1968 νοῦν
443 1903 586 1984 ἐχόντων
602 1904 759 1968 παίδευςιν
774 1909 841 1967 τῶν
856 1903 931 1983 παρ’
948 1904 1018 1982 ἡμῖν
1034 1901 1165 1976 ἀγαθῶν
1181 1899 1310 1966 εἶναιτὸ
1327 1903 1478 1981 πρῶτον.

349 2006 424 2071 Non
448 2006 552 2070 solum
577 2005 676 2070 libros
703 2023 811 2070 sacros
838 2004 1081 2086 doctrinamque
1106 2004 1261 2068 ecclesiae
1285 2022 1362 2068 eum
1385 2005 1479 2087 plane

350 2109 502 2174 didicisse
532 2113 564 2173 et
586 2111 776 2193 percepisse,
807 2108 864 2172 sed
887 2109 982 2172 etiam
1011 2106 1127 2170 studiis
1150 2107 1357 2188 antiquorum
1382 2107 1481 2172 Grae-

350 2232 462 2277 corum
493 2232 568 2276 eum
590 2212 751 2276 imbutum
779 2211 890 2292 fuisse,
922 2229 1005 2293 quae
1032 2230 1098 2273 non
1121 2211 1214 2273 modo
1242 2229 1307 2273 non
1332 2217 1478 2293 noceant

349 2315 406 2380 sed
437 2315 533 2379 etiam
561 2314 654 2378 utilia
683 2315 756 2396 sint,
786 2315 877 2377 siiis
906 2317 993 2378 recte
1023 2315 1142 2395 utatur,
1173 2315 1231 2396 qui
1260 2332 1298 2377 ea
1329 2314 1480 2379 didicerit

349 2421 409 2502 (cp.
428 2419 803 2501 11)²).--nopr1·mum
823 2417 955 2498 quidem
970 2421 1094 2498 epatre
1113 2416 1297 2480 institutum
1320 2435 1396 2481 eum
1415 2438 1478 2482 nou

348 2527 387 2584 ut
410 2520 548 2585 Graecos
576 2521 724 2602 antiquos
754 2520 918 2583 venationi
947 2519 999 2583 vel
1031 2520 1188 2601 equitatui
1211 2538 1246 2584 se
1269 2519 1397 2586 dedisse
1425 2525 1481 2584 aut

348 2626 384 2688 in
407 2627 497 2687 antro
529 2622 667 2704 quodam
694 2622 875 2686 Thessalico
906 2622 1053 2686 medullis
1083 2623 1215 2686 leonum
1245 2628 1277 2687 et
1307 2642 1478 2688 cervorum

349 2728 449 2792 altum
464 2731 497 2791 et
512 2727 685 2790 educatum
693 2728 727 2807 8λ,
752 2727 809 2790 sed
832 2727 967 2790 scientia
989 2731 1022 2790 et
1038 2726 1213 2790 virtutibus
1231 2726 1393 2791 imbutum
1409 2747 1478 2792 esse

349 2833 410 2913 (cp.
432 2830 499 2912 12),
532 2828 648 2893 deinde
682 2830 851 2912 magistros
881 2834 1032 2892 externos
1056 2828 1194 2893 eundem
1224 2830 1417 2913 erudivisse,
1449 2837 1481 2896 et

350 2931 537 2996 Caesaream
566 2931 714 3013 primum,
746 2932 839 2994 cuius
869 2931 958 2995 urbis
981 2931 1148 2996 scientiam
1177 2931 1341 3014 praedicat
1365 2939 1481 3014 orator,

320 3095 322 3103 κ
351 3032 467 3098 deinde
490 3033 690 3115 Byzantium,
720 3032 860 3115 denique
882 3035 1026 3098 Athenas
1053 3036 1220 3117 petivisse3
1251 3036 1373 3116 quain
1397 3036 1480 3100 urbe

349 3155 384 3202 se
401 3136 615 3220 (Gregorium)
631 3155 705 3200 oum
719 3136 774 3200 illo
790 3137 933 3220 (Basilio)
954 3137 1127 3201 amicitiam
1141 3137 1295 3202 iunxisse.
1308 3175 1351 3184 —-
1368 3140 1477 3221 Atque

349 3245 461 3304 notatu
477 3239 665 3323 dignissima
687 3245 763 3303 sunt
786 3259 832 3322 ea,
858 3259 939 3322 quae
955 3244 1149 3322 sequuntur,
1174 3241 1369 3324 perspicitur
1384 3243 1477 3324 enim,

351 3348 547 3426 quantopere
573 3343 637 3406 illis
660 3343 857 3426 temporibus
886 3347 1027 3407 oratores
1049 3348 1222 3428 praecepta
1243 3344 1409 3408 rhetorum
1430 3364 1481 3409 re·

349 3446 515 3530 gulaeque,
546 3464 624 3528 quae
649 3464 759 3509 omnes
782 3446 944 3510 auditores
969 3465 1011 3510 ex
1033 3465 1097 3509 usu
1120 3452 1283 3529 noverant,
1307 3449 1402 3529 sequi
1425 3448 1478 3512 de·

349 3549 486 3613 buen'nt.
517 3548 600 3612 Nam
629 3548 801 3632 Gregorius
830 3549 934 3613 τόπον
961 3549 1152 3616 παιδεὺςεως
1180 3551 1350 3634 copiosiuS,
1382 3571 1478 3634 quam

349 3671 413 3716 usu
434 3652 559 3733 licebat,
589 3656 783 3715 mactaturus
808 3651 897 3715 etin
918 3651 972 3715 illo
1003 3651 1081 3716 alias
1110 3672 1170 3734 res,
1202 3673 1299 3735 quam
1330 3673 1413 3735 quae
1437 3674 1478 3718 ex

443 3794 461 3859 ιλ
482 3793 559 3861 Quae
572 3793 713 3847 sententia
725 3793 783 3848 iam
796 3792 872 3862 apud
889 3793 1075 3848 Isocratem
1092 3793 1237 3848 invenitur
1246 3793 1292 3864 (de
1303 3794 1376 3864 bigis
1389 3796 1405 3864 9
1419 3795 1476 3864 29);

350 3877 421 3931 ὀὐδ’
439 3876 557 3943 hilariter
582 3874 667 3931 αὐτὸς
692 3878 742 3942 μὲν
769 3878 907 3947 ῥᾳθύμως
932 3881 991 3948 ζῆν,
1019 3880 1199 3944 ςεμνθνεςθαι
1222 3880 1247 3932 δ’
1267 3879 1312 3933 ἐπὶ
1334 3884 1396 3934 ταῖς
1418 3886 1478 3935 τῶν

349 3965 507 4031 προγόνων
530 3963 651 4034 ἀρεταῖς,
675 3966 734 4019 ἀλλ’
754 3962 838 4018 εὐθὺς
862 3965 939 4018 οὕτω
962 3964 1021 4030 μέγ’
1040 3965 1209 4034 ἐφρόνηςεν,
1234 3965 1299 4018 ὥστ’
1315 3966 1399 4034 ᾠήθη
1420 3969 1478 4020 δεῖν

350 4049 385 4103 δι’
400 4051 487 4103 αὑτὸν
506 4050 551 4103 καλ
569 4047 708 4103 τάκείνων
728 4050 797 4115 ἔργα
818 4051 1065 4116 μνημονεθεςθαι’;
1087 4049 1121 4104 ο1.
1141 4050 1279 4104 Isocrat.
1299 4050 1391 4106 Busir.
1405 4052 1421 4121 ἕ
1434 4051 1475 4118 111,

350 4137 378 4188 et
396 4135 601 4203 Panegyricum
618 4133 649 4186 in
667 4133 829 4188 Messallam
847 4150 920 4189 vers.
935 4135 970 4189 28
979 4151 1055 4204 seqq.

441 4220 462 4284 ⁸)
482 4217 552 4271 Cum
571 4215 696 4270 defendit
714 4219 811 4269 orator
829 4216 923 4271 studia
941 4233 1123 4287 paganorum,
1143 4217 1268 4272 defendit
1281 4216 1368 4273 etiam
1380 4218 1478 4274 Basilii

349 4302 477 4357 libellum
499 4303 573 4369 πρὸς
591 4301 660 4354 τοὺς
677 4300 761 4353 νέους
783 4301 864 4354 ὅπως
889 4303 924 4354 ἂν
943 4302 971 4357 ἐξ
990 4303 1160 4368 Ἑλληνικῶν
1185 4302 1348 4368 ὠφελοῖντο
1373 4304 1474 4368 λόγων.

441 4387 463 4456 ⁸)
482 4385 521 4442 Cf.
541 4386 688 4441 Nicolaum
708 4387 781 4456 apud
802 4386 922 4456 Spengel
940 4388 981 4441 rh.
1002 4403 1040 4455 gr.
1060 4387 1095 4440 lII
1113 4385 1175 4454 181,
1193 4385 1218 4441 8.
