3240 5252
843 1405 946 1490 Caput
968 1402 1008 1468 Π.

531 1549 588 1613 ΒΕ
612 1548 731 1614 Leuis
755 1547 1010 1626 QUIBUSDAM
1032 1545 1334 1611 EMENDANDIS.

453 1692 611 1769 Quoniam
628 1697 660 1756 et
672 1691 711 1757 de
722 1693 844 1776 origine
857 1697 888 1756 et
903 1692 942 1755 de
954 1689 1061 1754 indole
1078 1691 1237 1773 codicum,
1252 1689 1377 1773 quibus
1391 1688 1501 1752 Orator

361 1795 526 1860 Tullianus
543 1795 635 1859 nobis
651 1795 785 1859 traditus
803 1801 858 1878 est,
875 1795 952 1858 satis
968 1795 1003 1856 in
1014 1795 1120 1876 priore
1134 1795 1241 1877 capite
1254 1793 1397 1876 praefati
1412 1790 1499 1854 nobis
1598 1803 1599 1836 ι

361 1897 517 1981 videmur,
531 1897 674 1981 singulos
687 1899 748 1962 iam
761 1913 1008 1982 percenseamus
1018 1897 1105 1961 locos
1116 1897 1226 1978 ipsum
1238 1895 1345 1960 libelli
1359 1893 1498 1959 ordinem
1598 1969 1599 2000 1

362 1999 553 2086 plerumque
578 2001 689 2066 secuti.

454 2313 473 2391 ξ
494 2313 522 2373 4.
553 2309 650 2374 Brevi
673 2308 834 2394 prooemio
854 2309 893 2374 de
913 2307 1014 2374 officii
1033 2311 1174 2391 suscepti
1194 2307 1392 2372 difficultate
1410 2325 1494 2390 prae·

362 2415 460 2477 misso
483 2413 606 2476 Tullius
631 2417 787 2476 oratorem
812 2431 973 2475 summurn
998 2415 1031 2476 et
1049 2413 1325 2494 perfectissimum
1345 2413 1494 2476 ficturum

363 2535 398 2581 se
422 2515 526 2579 vereri
550 2514 636 2595 dicit,
661 2534 702 2578 ne
727 2513 830 2579 tardet
854 2514 959 2578 studia
981 2515 1166 2596 multorum,
1193 2517 1249 2597 qui
1274 2515 1494 2598 desperatione

364 2617 521 2682 debilitati
544 2617 685 2700 experiri
709 2617 743 2680 id
766 2618 876 2700 nolint,
901 2618 987 2699 quod
1012 2637 1045 2682 se
1070 2613 1199 2699 assequi
1222 2637 1319 2700 posse
1340 2614 1495 2697 diffidant,

363 2720 419 2785 sed
439 2736 497 2803 par
516 2739 585 2784 esse
605 2739 716 2784 omnes
736 2719 842 2783 onmia
859 2721 1007 2803 experiri,
1028 2721 1082 2803 qui
1102 2739 1154 2784 res
1170 2739 1302 2803 magnas
1321 2725 1353 2784 et
1369 2738 1495 2802 magno·

364 2843 438 2908 pere
459 2822 654 2906 expetendas
675 2823 926 2906 concupiverint.
960 2819 1043 2886 Dein
1063 2824 1111 2888 sio.
1129 2822 1251 2905 pergit:
1278 2820 1398 2903 Quodsi
1411 2843 1494 2907 quem
1598 2847 1599 2870 ι

363 2933 419 2991 aut
442 2931 558 2990 tratura
581 2945 638 2990 suc
656 2931 711 2988 eut
729 2925 784 2988 illu
798 2927 989 3009 praestariis
1007 2928 1127 3010 iuqeuii
1140 2930 1188 3004 ,ris
1206 2926 1288 3008 forte
1307 2925 1426 3008 deficiet
1442 2929 1495 2988 uut
1598 2917 1599 2990 i

363 3033 467 3094 miuus
481 3029 649 3092 instructus
664 3029 723 3092 erit
739 3047 925 3112 moymarum
940 3029 1058 3092 ortium
1074 3029 1253 3113 disciplinis,
1278 3035 1380 3092 terreat
1396 3035 1492 3092 thmeu

362 3154 432 3198 eum
455 3147 580 3195 cursum
603 3147 690 3216 quem
708 3134 836 3215 poterim
856 3134 965 3216 primu
988 3131 1069 3195 emim
1092 3137 1261 3216 sequentem
1280 3129 1440 3194 honestum
1456 3133 1494 3193 est

363 3240 397 3300 ih
417 3233 556 3298 secundis
574 3237 729 3319 tertiisque
747 3236 914 3298 consistere.
947 3233 1001 3296 Au
1020 3231 1074 3316 [uu
1090 3233 1116 3296 L
1132 3251 1205 3298 uum
1222 3236 1239 3296 l
1255 3239 1290 3296 ut
1307 3233 1337 3317 β]
1354 3233 1495 3317 impactis

363 3355 426 3402 mou
443 3332 578 3400 Homero
600 3336 657 3401 soli
674 3335 755 3400 locus
772 3341 822 3416 est,
847 3343 882 3398 ut
900 3337 937 3400 cle
959 3337 1084 3400 Graecis
1102 3337 1219 3422 loquer,
1243 3343 1299 3400 aut
1314 3335 1495 3400 Archilocho

363 3446 419 3505 aut
436 3437 575 3524 Sophocli
589 3445 645 3503 cut
660 3437 808 3520 Pindaro,
828 3437 880 3502 sed
895 3438 1005 3504 horum
1021 3441 1065 3504 cel
1080 3442 1219 3506 secundis
1234 3435 1388 3505 ueletiam
1408 3439 1494 3523 iufra

363 3541 508 3608 secundos
523 3560 575 3605 uec
590 3556 658 3605 uero
673 3537 865 3605 Aristotelem
882 3543 917 3604 ιἰι
927 3533 1123 3626 philosophia
1138 3541 1288 3606 deterruit
1304 3563 1324 3606 a
1340 3540 1495 3607 scribendo

364 3645 535 3729 amplitudo
547 3643 688 3708 Platoris
703 3665 756 3708 uec
771 3645 834 3728 ipse
843 3643 1019 3708 Aristotcles
1030 3645 1210 3709 admirabili
1222 3643 1358 3730 quadum
1370 3649 1494 3710 scientio

365 3755 393 3812 et
415 3750 500 3832 copia
524 3755 691 3811 ceterorum
715 3747 819 3812 studio
842 3745 992 3812 restinxit.

455 3849 504 3912 lta
526 3849 590 3911 iam
622 3850 761 3931 primum
794 3850 1006 3932 archetypum
1038 3855 1133 3931 atque
1168 3851 1312 3912 omnium
1340 3849 1494 3914 librorum

365 3953 488 4016 fontem
503 3951 591 4014 huno
607 3951 715 4014 locum
732 3952 917 4015 exhibuisse
930 3957 1016 4034 puto,
1029 3952 1214 4034 praesertim
1231 3971 1307 4016 cum
1321 3952 1495 4016 Columella

366 4050 519 4117 advocato
540 4053 750 4116 confirmetur
769 4055 846 4118 haec
868 4053 1033 4138 scriptura.
1058 4055 1088 4117 N
1090 4075 1141 4117 am
1159 4053 1238 4137 illas,
1259 4056 1391 4136 quasin
1411 4053 1494 4118 codi-

330 4177 331 4180 ’
367 4155 457 4218 cibus
476 4153 691 4218 Laurentiano
715 4173 752 4218 ac
771 4153 928 4218 Vaticano
947 4156 1138 4238 invenimus
1159 4155 1403 4221 coniunctiones
1422 4179 1492 4221 uum

367 4262 400 4320 et
422 4265 457 4322 ut
479 4257 735 4321 humanistarum
758 4260 952 4322 coniecturis
983 4259 1093 4323 deberi
1116 4264 1239 4323 constet
1261 4261 1349 4323 inter
1377 4279 1491 4323 onmes.

367 4361 536 4423 Attamen
557 4360 619 4424 duo
639 4364 723 4443 sunt,
748 4362 787 4425 de
804 4361 929 4443 quibus
942 4363 1027 4426 inter
1049 4381 1083 4425 se
1105 4360 1296 4424 dissentiant
1317 4363 1380 4424 viri
1401 4361 1490 4426 docti.
