3240 5252
127 457 215 541 [207]
568 465 666 520 Studia
684 463 821 520 Tulliana.
1219 463 1260 524 47

129 638 204 715 (θαι)
222 634 307 720 [das]
330 636 484 717 darstellt,
509 635 586 719 [was
609 636 655 700 als
680 637 805 701 solches
829 639 863 700 in
884 638 940 701 der
956 637 1154 703 Sinnenwelt
1172 640 1264 702 nicht

9 717 10 758 l
130 741 167 804 da
189 741 300 825 ist]'¹).
333 738 530 804 Defenditur
558 741 751 824 gerundium
782 743 878 806 etiarn
903 741 952 804 his
981 741 1060 804 locis
1089 743 1260 822 collatis²):

128 843 215 906 Brut.
234 844 294 906 70:
316 845 387 928 qais
404 845 485 906 enim
504 864 616 925 eoram,
636 847 690 930 qai
713 894 768 907 ...
791 847 953 909 imitentur
973 847 1125 909 ueritatem
1146 864 1171 908 e.
1186 865 1214 926 q.
1228 865 1261 924 s.;

130 945 260 1022 Quintil.
278 945 303 1026 Ι,
334 947 362 1025 1,
378 964 412 1008 s:
444 945 533 1010 cerba
556 945 704 1032 effiapere
726 947 892 1022 imitanda
918 945 966 1009 De
986 965 1029 1009 or.
1046 946 1086 1028 ΙΙ,
1113 947 1171 1009 90:
1197 955 1263 1011 tam

129 1051 249 1114 accedat
268 1051 455 1129 exercitatio,
474 1069 535 1133 aaa
558 1048 655 1128 illam,
681 1069 769 1132 quem
787 1049 939 1135 delegerit,
963 1051 1114 1114 imitando
1131 1049 1263 1136 effingat

129 1160 218 1238 atqac
235 1155 408 1236 caprimat;
435 1150 580 1213 eiusdem
599 1149 675 1213 libri
695 1153 713 1232 ξ
732 1152 790 1213 96:
815 1151 894 1216 itanc
913 1154 1011 1238 igitar
1029 1153 1264 1218 similitudinem

6 1275 7 1316 t
130 1260 184 1341 qai
204 1258 379 1320 imitatione
407 1257 525 1339 assequi
548 1255 629 1335 colet,
658 1276 726 1318 cam
749 1255 1015 1320 coercitationibas
1038 1256 1151 1320 crebris
1174 1262 1264 1342 atque

129 1363 251 1444 mapais
274 1365 340 1422 tam
361 1358 518 1423 scribendo
535 1362 669 1424 manime
688 1368 905 1447 perseqaatar3
930 1359 978 1424 De
1002 1366 1064 1424 nat.
1085 1361 1169 1425 deor.
1186 1361 1205 1423 l.
1221 1361 1263 1444 II,

132 1463 189 1524 81:
214 1463 303 1526 caius
326 1461 493 1525 sollertiam
517 1462 604 1526 auita
627 1483 690 1544 ors,
715 1464 804 1527 accita
822 1484 942 1545 marcas,
966 1484 1053 1535 nemo
1072 1464 1177 1549 opifera
1195 1486 1264 1529 coa-

128 1567 212 1650 seqai
229 1567 329 1649 possit
348 1565 509 1628 imitando.

221 1665 306 1742 Quid
330 1666 430 1746 igitur
451 1666 574 1729 Tullius
598 1667 659 1730 hac
682 1668 842 1732 sententia
871 1670 978 1752 eloqui
1002 1670 1087 1751 velit,
1111 1672 1187 1734 satis
1211 1690 1263 1735 me

5 1777 7 1818 t
130 1768 358 1852 explanavisso
376 1787 458 1849 reor,
482 1771 519 1830 ut
542 1771 661 1853 optime
685 1776 717 1834 et
740 1771 915 1836 clarissime
939 1774 987 1837 sic
1011 1793 1079 1838 eam
1098 1774 1162 1856 lagi
1187 1794 1264 1838 cone

129 1873 240 1937 cedas:
274 1872 313 1936 Ut
337 1875 437 1958 igitar
459 1875 494 1936 ia
516 1872 629 1954 formis
652 1880 680 1938 et
701 1873 814 1960 liparis
836 1883 878 1940 est
900 1876 1022 1961 aliquid
1041 1876 1213 1961 perfect-am
1236 1885 1265 1942 et

123 1977 281 2057 excellens,
313 1977 402 2038 caios
431 1975 474 2038 ad
501 1978 663 2060 cogitatam
694 1979 818 2060 speciem
845 1978 997 2042 imitando
1020 1978 1205 2061 referantur
1228 2001 1265 2044 ea

124 2101 206 2166 qaae
218 2079 274 2143 sab
287 2078 387 2141 oculos
400 2075 480 2162 [ipso
491 2077 564 2161 aaa]
578 2079 701 2160 cadunt,
718 2083 761 2144 sic
771 2079 928 2164 perfectae
939 2082 1123 2166 eloquentiae
1139 2084 1264 2165 speciem

124 2187 234 2249 animo
264 2182 410 2261 maeatas,
441 2179 576 2266 effipiam
604 2182 734 2246 caribus
764 2185 941 2268 quaerimus
965 2183 1016 2245 vel
1045 2188 1080 2245 ut
1106 2184 1263 2247 vertendo

123 2287 324 2349 illustretur:
358 2284 443 2347 ‘Wie
476 2303 510 2347 es
534 2285 599 2348 also
630 2287 664 2348 in
697 2285 758 2348 den
789 2284 962 2349 bildenden
988 2284 1134 2348 Kiinsten
1166 2290 1264 2349 etwas

124 2390 396 2454 Volllrommenes
420 2387 488 2450 und
512 2388 717 2453 Vollsndetes
742 2390 817 2472 gibt,
847 2389 930 2452 nach
955 2388 1070 2452 dessen
1093 2388 1169 2452 Idae
1193 2390 1264 2452 sich

121 2497 158 2557 in
186 2493 246 2557 der
263 2491 501 2572 Nachahmung
520 2491 575 2553 das
594 2492 719 2572 richtet,
744 2511 808 2554 was
824 2493 858 2554 in
876 2491 927 2554 die
943 2491 1167 2575 Erscheinung
1185 2493 1263 2576 tritt,

122 2617 159 2660 so
192 2596 298 2659 schen
329 2595 389 2655 wir
423 2613 507 2655 zwar
536 2595 581 2656 im
614 2594 721 2658 Geiste
750 2596 802 2658 die
832 2594 908 2658 Idee
938 2593 1005 2676 (das
1030 2594 1154 2675 Urbild)
1185 2595 1265 2658 roll-

122 2699 262 2764 endater
273 2696 526 2778 Beredsamkeit,
540 2698 663 2761 suchen
675 2698 792 2779 jedoch
811 2696 988 2780 vergabens
1000 2697 1059 2759 mit
1080 2697 1142 2760 den
1156 2696 1265 2762 Ohren

121 2801 209 2865 nach
235 2799 313 2862 dem
337 2796 496 2860 Abbilde’.

214 2905 264 2967 At
288 2919 354 2982 quo
378 2899 473 2962 modo
497 2900 653 2963 vocabula
677 2904 746 2986 ipso
765 2923 827 2966 aaa
845 2903 879 2964 in
899 2905 1026 2965 textum
1041 2902 1264 2985 irrepserunt?

121 3007 311 3072 Barzizium
332 3021 378 3083 ea,
398 3003 506 3066 nescio
527 3005 649 3086 quade
669 3025 774 3086 causa,
799 3006 1008 3089 interpolasse
1027 3026 1084 3089 pro
1109 3008 1196 3090 certo
1217 3012 1266 3069 est

120 3109 325 3175 habendum.
357 3105 498 3170 Seclusis
522 3113 629 3172 autem
653 3108 716 3171 illis
740 3109 905 3172 vocabulis
928 3109 1036 3173 locum
1060 3128 1172 3170 sanum
1193 3127 1264 3173 esse

119 3189 277 3278 vidimus
304 3208 484 3272 Nectamen
502 3210 595 3292 plane
620 3211 740 3290 omitto,
766 3229 847 3292 quae
872 3211 987 3292 singuli
1014 3211 1159 3273 homines
1178 3209 1266 3274 docti

119 3317 315 3382 obtulerint.
358 3310 603 3394 Heerdegenius
631 3312 759 3394 quidem
787 3314 821 3374 in
852 3312 900 3375 ed.
928 3313 1045 3395 proleg.
1068 3331 1136 3395 pag.
1161 3311 1266 3379 XXX

117 3442 176 3505 pro
202 3442 240 3486 ea
266 3436 349 3503 qaae
376 3415 619 3496 pronominibus
647 3415 755 3496 potius
779 3435 846 3477 una
868 3437 961 3501 eaque
984 3435 1063 3479 voce
1091 3415 1209 3497 scripta
1234 3423 1268 3483 et

118 3546 176 3609 pro
209 3518 336 3607 plurali
366 3517 456 3580 verbi
488 3536 621 3580 numero
654 3517 761 3598 potius
793 3517 948 3599 singulari
977 3517 1124 3581 restituto
1155 3536 1266 3584 veram

117 3629 216 3693 Tullii
241 3623 440 3704 scripturam
461 3619 597 3683 evadere
621 3620 769 3701 opinatur
791 3621 823 3683 et
845 3622 1078 3704 paragraphum
1101 3619 1147 3682 sic
1166 3620 1268 3686 inter-

117 3737 285 3816 pretatur:
323 3723 383 3788 ‘Ut
411 3725 510 3809 igitar
543 3725 577 3786 in
613 3721 725 3804 formis
759 3730 787 3786 ct
818 3721 931 3808 figaris
964 3730 1007 3788 cst
1041 3723 1161 3808 aliquid
1190 3745 1268 3808 per-

116 3837 237 3920 fectam
263 3838 294 3898 et
318 3827 472 3909 erraticas,
496 3830 582 3891 caias
604 3827 648 3890 aa
670 3828 832 3912 capitatam
861 3829 987 3910 speciem
1009 3827 1160 3891 imitando
1184 3828 1269 3908 rofe-

117 3947 241 4005 raatur
266 3932 351 4018 (scil.
367 3931 489 3993 formae
509 3936 541 3994 et
558 3931 703 4012 figurae),
727 3950 820 4015 eaque
843 3930 922 4011 (soil.
942 3930 1075 4013 species)
1094 3929 1147 3993 sab
1166 3933 1269 4000 ocaios

120 4051 350 4070 ”ffl-

215 4112 234 4181 ¹)
255 4109 351 4163 Notae
366 4105 486 4158 alteram
499 4109 616 4172 partem,
637 4120 721 4172 quam
740 4103 821 4158 uncis
834 4103 944 4172 inclusi,
964 4105 1036 4158 benc
1056 4102 1157 4157 refellit
1170 4103 1269 4164 Fride-

117 4199 195 4254 ricus
215 4197 247 4251 in
268 4189 412 4248 Fleckeis.
433 4189 749 4256 annal.vol.123‚182.

212 4284 233 4353 ¹)
253 4279 387 4336 Primum
398 4278 426 4328 et
436 4275 591 4329 secundnm
601 4275 695 4328 locum
705 4273 799 4328 attulit
809 4274 967 4329 Fridericus
981 4275 1011 4329 in
1023 4273 1156 4328 Fleckeis.
1169 4283 1268 4337 annal,

116 4371 173 4425 vol.
190 4371 252 4437 123,
267 4365 333 4431 181,
355 4362 467 4415 ceteros
486 4358 663 4414 Vollbehrius
682 4360 699 4413 l.
714 4360 731 4412 l.
752 4358 844 4426 pagii
864 4375 905 4427 sq.
