3228 5268
356 480 398 542 12
792 483 903 538 Xaver
921 483 1040 551 Hurth,

447 654 555 718 Oratio
577 656 678 738 igitur
699 655 744 716 ita
767 653 921 736 disposita
937 658 991 734 est,
1015 657 1053 716 ut
1068 653 1188 736 singuli
1203 654 1296 717 τόποι
1311 655 1397 718 vitae
1413 673 1486 718 our·

354 778 428 822 sum
457 761 632 840 sequantur
659 775 761 838 usque
790 755 830 818 ad
858 760 994 819 aetatem
1024 756 1165 819 virilem:
1196 756 1370 820 laudantur
1400 758 1486 821 enim

354 862 457 942 γένος,
481 861 605 941 γένεος,
630 863 715 922 aetas
738 859 839 941 pueri,
858 860 927 920 tum
950 877 1014 940 quo
1038 858 1132 922 modo
1159 879 1267 924 rerum
1292 861 1414 942 potitus
1436 861 1484 942 sit,

354 969 518 1042 narratum
544 963 599 1028 sed
628 964 746 1027 hacne
770 962 808 1026 ab
836 961 1014 1026 Alcibiadis
1043 962 1226 1027 laudatione
1254 962 1374 1045 differt,
1401 963 1485 1046 quod

354 1068 440 1132 facta
463 1068 575 1131 aetatis
599 1066 700 1129 virilis
724 1086 789 1129 non
817 1064 996 1129 secundum
1025 1069 1168 1149 tempora
1197 1064 1400 1148 exhibentur,
1431 1067 1487 1130 sed

355 1170 535 1236 secundum
558 1188 610 1233 res
634 1168 738 1232 divisa
760 1174 844 1232 sunt.
876 1206 918 1214 -
948 1168 1040 1245 Quod
1064 1169 1207 1250 singulos
1230 1169 1350 1234 τόπου(
1366 1169 1485 1250 attinet,

356 1275 512 1338 Isocrates
535 1275 658 1356 primus
680 1274 715 1335 in
738 1273 799 1336 hac
822 1274 965 1337 oratione
980 1273 1081 1336 τόπον
1097 1272 1249 1347 γενέτεωτ
1266 1278 1407 1355 usurpat,
1423 1293 1485 1355 quo

356 1377 537 1460 exponitur,
561 1395 642 1458 quos
661 1377 749 1439 visus
765 1380 949 1457 noeturnae,
967 1394 1050 1458 quae
1067 1376 1191 1438 somnia
1207 1381 1309 1439 mater
1329 1376 1485 1457 habuerit,

356 1481 544 1562 priusquam
567 1479 731 1562 peperit1).
770 1477 863 1541 Nova
891 1482 939 1541 est
969 1478 1063 1541 etiam
1095 1476 1373 1560 dvcuecpcluiwcrc,
1406 1500 1485 1562 quae

357 1583 484 1663 dicitur,
509 1601 572 1664 qua
595 1581 722 1664 singula
743 1581 829 1646 facte
860 1588 891 1646 et
921 1584 1065 1665 virtutes,
1096 1602 1176 1665 quas
1200 1585 1307 1646 orator
1337 1584 1486 1666 laudavit,

357 1685 500 1749 breviter
522 1686 751 1766 repetuntnrl).
775 1685 890 1767 Neque
913 1684 1020 1750 adhuc
1047 1685 1231 1749 invenimus
1257 1686 1362 1750 τόπον
1393 1707 1487 1764 μακα-

357 1827 511 1880 Pindarnm
520 1829 614 1879 autern
625 1826 747 1894 epinicia
758 1843 810 1880 sua
820 1827 929 1891 ὕμνου(
939 1843 1058 1881 vocasse
1067 1825 1221 1880 verisimile
1232 1831 1275 1880 est
1285 1826 1325 1895 (C.
1340 1827 1371 1881 A.
1386 1828 1486 1896 Bapp,

358 1911 537 1965 delentibus
557 1911 658 1979 quibus
677 1912 839 1966 Athenaeus
863 1913 893 1966 in
911 1912 996 1965 rebus
1015 1912 1131 1965 musicis
1151 1912 1303 1981 lyricisque
1323 1913 1488 1967 enarrandis

357 2013 427 2050 usus
446 1996 490 2064 sit,
510 1997 603 2064 Leipz.
617 1997 733 2050 Studien
743 1998 802 2052 Vlll
816 1997 886 2066 137).
911 1997 1003 2064 Quare
1022 1997 1070 2050 vix
1089 1997 1211 2050 dubitari
1230 1999 1331 2064 petest,
1356 1998 1424 2066 quin
1442 1998 1488 2051 illo

357 2080 515 2135 Aristotelis
534 2081 597 2135 loeo
610 2097 666 2134 vox
685 2082 827 2147 ἐγκώμιον
847 2082 922 2136 idem
941 2081 1099 2150 significare
1119 2082 1215 2150 possit,
1235 2081 1310 2150 quod
1330 2082 1487 2151 epinieium.

359 2167 439 2235 Quod
459 2166 589 2236 equidem
607 2170 682 2235 pute.
704 2167 821 2220 Constat
840 2167 916 2220 enim
934 2167 1000 2220 inde
1020 2184 1037 2221 a
1057 2168 1149 2220 medio
1169 2169 1283 2220 saeculo
1303 2171 1384 2221 sexto
1399 2168 1489 2237 Olym·

359 2252 488 2322 pionicas
507 2252 608 2306 statuis
628 2256 655 2306 et
675 2251 824 2316 ἐγκωμίοις
837 2253 854 2306 i.
869 2269 892 2306 e.
913 2251 1042 2320 epiniciis
1061 2253 1216 2306 honoratos
1236 2257 1263 2306 et
1282 2257 1399 2307 ornatos
1420 2270 1488 2307 esse.

359 2338 399 2391 Cl.
411 2337 504 2404 etiam,
515 2337 590 2406 quod
600 2337 708 2390 Plinius
721 2337 751 2390 in
763 2341 820 2392 nat.
835 2337 898 2391 hist.
913 2338 1021 2392 XXXVI
1036 2338 1070 2390 16
1083 2338 1176 2392 tradit.
1204 2338 1259 2391 Sed
1269 2354 1304 2390 ne
1319 2339 1420 2407 longus
1431 2339 1488 2406 sim,

359 2422 524 2476 Aristoteles
548 2422 596 2474 illo
619 2422 683 2475 loeo
707 2422 851 2476 contendit
875 2423 905 2476 in
923 2423 1128 2490 Hippolochum
1152 2422 1231 2475 illum
1254 2423 1399 2490 primum
1423 2424 1489 2491 epi-

358 2506 487 2560 nicium
506 2507 665 2560 conlectum
685 2523 756 2561 esse.
788 2507 888 2560 Nonne
911 2507 1015 2576 optime
1039 2507 1139 2575 legitur
1158 2508 1364 2576 Hippoloehi
1389 2525 1490 2562 nomen

359 2591 390 2645 in
409 2591 554 2659 epinicic?
574 2622 608 2629 -
627 2591 710 2644 Aliud
730 2592 855 2646 aceedit:
876 2592 1007 2661 Gorgiam
1021 2593 1130 2646 firmam
1144 2593 1340 2647 laudationum
1354 2593 1490 2662 composi-

360 2677 467 2730 tionem
490 2677 614 2730 nondum
638 2677 752 2731 novisse
772 2681 888 2746 apparet
908 2694 943 2730 ex
962 2678 1022 2731 eius
1042 2678 1205 2732 laudatione
1225 2679 1356 2733 Helenae.
1390 2679 1490 2747 Quam·

360 2778 446 2830 quam
465 2762 538 2815 enim
557 2763 617 2829 ipse
636 2761 666 2814 in
685 2762 740 2814 fine
761 2762 897 2815 orationis
917 2762 984 2815 dicit
1004 2780 1034 2816 se
1055 2764 1196 2828 ἐγκώμιον
1215 2763 1372 2832 scripsisse,
1397 2769 1492 2818 tamen

360 2845 451 2900 maior
465 2862 531 2914 pars
545 2845 717 2900 laudationis
727 2863 785 2900 non
798 2848 868 2914 laus,
885 2846 935 2899 sed
946 2847 1072 2900 defensio
1081 2847 1205 2900 Helenae
1216 2850 1266 2900 est.
1286 2847 1376 2915 Atque
1388 2847 1491 2901 dudum

360 2931 414 2985 viri
434 2931 508 2984 docti
528 2932 750 2984 observaverunt
768 2933 921 2985 Isocratem
940 2932 1031 2999 ipsum
1049 2931 1079 2984 in
1096 2948 1149 2985 sua
1162 2932 1288 2986 ‘Helena'
1305 2937 1406 2987 contra
1418 2933 1491 2986 hanc

360 3015 533 3071 laudationis
559 3016 791 3084 compositionem
816 3032 941 3085 pugnare
968 3015 1012 3084 (cl.
1033 3017 1118 3070 Blass
1142 3018 1158 3070 l.
1173 3032 1197 3070 e.
1215 3016 1293 3085 172),
1320 3034 1384 3071 eum
1408 3017 1490 3072 dicit:

360 3102 491 3166 τυγχάνει
510 3102 534 3153 δ’
555 3099 747 3164 ἀπολογίαν
767 3100 888 3167 εἰρηκὼτ
906 3102 979 3166 ὑπὲρ
999 3106 1059 3154 τῶν
1079 3101 1168 3171 ἐκείνῃ
1184 3103 1405 3169 πεπραγμένων.
1426 3104 1491 3156 ἔετι

361 3188 386 3241 δ’
412 3187 471 3239 οὐκ
497 3187 531 3239 ἐκ
556 3191 625 3239 τῶν
653 3187 767 3239 αὐτῶν
793 3186 897 3240 ἰδεῶν
926 3187 1007 3239 οὐδὲ
1035 3185 1114 3252 περὶ
1138 3191 1208 3238 τῶν
1237 3187 1351 3239 αὐτῶν
1380 3188 1491 3253 ἔργων

362 3273 513 3339 όλόγοτ,
538 3272 621 3325 ἀλλὰ
644 3275 709 3324 πᾶν
732 3270 949 3324 τούναντίον.
980 3272 1040 3338 Quo
1060 3271 1191 3325 isocratis
1210 3271 1315 3324 iudicio
1336 3273 1413 3327 clare
1431 3289 1491 3341 per·

361 3358 478 3427 spicitur
497 3357 628 3426 Gorgiam
646 3360 738 3410 ratam
762 3361 810 3410 aut
830 3359 1009 3410 constantem
1033 3356 1205 3410 laudationis
1228 3356 1349 3410 tonnam
1367 3358 1492 3412 nondum

361 3443 484 3510 novisse,
498 3458 590 3512 neque
600 3442 746 3511 habemus,
762 3457 812 3495 eur
822 3440 990 3508 dubitemne,
1004 3440 1073 3509 quin
1082 3444 1110 3494 et
1120 3457 1208 3510 genus
1218 3441 1288 3495 illud
1298 3443 1492 3497 laudationum

361 3528 392 3580 in
411 3527 544 3596 aequales
568 3526 789 3595 compositarum
808 3531 836 3580 et
859 3527 950 3580 forma
973 3526 1036 3595 ipsa
1059 3527 1126 3581 ficta
1148 3529 1232 3596 atque
1252 3528 1384 3582 confecta
1403 3529 1439 3582 sit
1457 3528 1491 3582 ab

361 3613 493 3680 Isocrate,
512 3628 595 3680 quem
615 3612 699 3666 credo
718 3628 776 3666 non
795 3627 930 3665 ausurum
949 3611 1036 3665 fuisse
1049 3612 1124 3665 hanc
1138 3613 1295 3666 inventoris
1308 3613 1427 3681 gloriam
1440 3613 1491 3667 sibi

363 3696 524 3764 attribuere,
543 3696 599 3750 nisi
618 3698 679 3766 ipse
699 3701 797 3752 auctor
816 3698 917 3750 harum
936 3697 1130 3752 laudationum
1143 3697 1257 3764 fuisset;
1276 3713 1373 3752 nonne
1386 3699 1491 3764 timere,

363 3780 491 3848 debebat,
505 3798 540 3834 ne
554 3781 719 3850 adversarii,
733 3798 804 3852 quos
814 3782 917 3835 multos
930 3781 1062 3851 habebat,
1076 3781 1130 3836 sibi
1140 3783 1382 3851 obloquerentur?
1402 3784 1492 3852 Quare

363 3865 505 3920 assentior
527 3866 611 3934 plane
634 3867 722 3920 Leoni
746 3866 852 3921 dicenti
874 3867 901 3936 (l.
917 3882 942 3920 c.
959 3884 1001 3935 pg.
1014 3868 1073 3936 91):
1102 3867 1160 3921 ‘Die
1184 3867 1338 3936 Erfindung
1361 3870 1421 3923 und
1442 3869 1492 3922 Be·
1547 3890 1550 3898 ·

364 3951 511 4021 grundung
530 3951 622 4006 dieses
647 3951 723 4006 εἷόοτ
746 3954 844 4022 gehdrt
863 3954 927 4007 dem
950 3955 1105 4008 Isocrates’.
1134 3954 1172 4008 Cl.
1192 3954 1276 4008 Blass
1295 3955 1313 4008 l.
1328 3971 1351 4008 c.
1371 3955 1491 4024 pg.284;

363 4037 472 4090 Bruns
490 4037 508 4088 l.
523 4051 546 4089 c.
566 4038 687 4105 pg.116;
712 4037 848 4107 Lippelt
866 4040 883 4091 l.
898 4056 921 4093 c.
942 4055 984 4107 pg.
995 4040 1020 4091 8.

457 4121 475 4190 ¹)
494 4121 533 4176 Cf.
553 4122 685 4178 Menand.
704 4123 755 4177 Rh.
771 4141 809 4192 gr.
823 4124 858 4176 Ill
876 4123 928 4177 371
950 4124 994 4191 Sp.

455 4205 475 4274 ¹)
493 4205 596 4260 Blassii
616 4211 643 4261 et
661 4207 829 4263 Volkmanni
849 4207 1021 4262 sententiam
1040 4225 1056 4262 e
1075 4209 1091 4276 ἕ
1111 4208 1164 4262 266
1183 4208 1338 4262 Panathen.
1364 4207 1491 4263 Isocratis

365 4289 557 4358 colligentium
576 4292 648 4345 tales
666 4292 850 4360 repetitiones
870 4309 887 4346 a
906 4291 1120 4346 laudationibus
1140 4292 1248 4346 alienas
1263 4309 1327 4346 esse
1340 4293 1491 4362 Lippeltius

364 4373 422 4427 iam
440 4375 560 4430 correxit
579 4375 605 4445 (l.
621 4392 643 4430 e.
657 4393 701 4445 pg.
716 4377 768 4446 10).
