3228 5268
349 503 396 569 66
588 556 589 560 ,
789 513 900 567 Xaver
919 513 1037 582 lltirth,

351 685 383 766 b)
404 684 473 748 ἐπεὶ
494 687 531 748 δὲ
553 685 593 748 τό
619 685 701 748 οἴκοι
724 685 802 748 κατὰ
829 688 911 747 νοῦν
934 680 1017 763 εἶχεν
1045 679 1133 768 αὐτῷ
1150 735 1157 748 .
1176 733 1205 748 ..
1229 689 1369 765 περινοεῖ
1395 705 1421 748 τι
1444 691 1477 766 ab,

352 785 475 869 διανοίᾳ
505 787 611 864 μεῖζον
642 788 691 849 καὶ
720 787 920 864 ὑψηλότερον
949 789 1010 869 (op.
1027 788 1097 869 41):
1130 787 1308 852 haereticos
1332 788 1420 851 eninr
1442 786 1479 850 ad

350 888 451 954 fidem
488 890 696 954 orthodoxam
728 895 913 954 convertero
944 889 1052 954 studet
1081 892 1140 974 (op.
1164 893 1324 973 41-43);
1364 892 1394 973 c)
1413 892 1479 954 eius

350 1009 478 1074 pugnae
496 996 528 1056 et
542 992 632 1056 rixae
645 1009 720 1056 oum
731 993 976 1075 imperatoribus
987 994 1225 1076 praefectisque
1238 995 1350 1076 quales
1362 995 1480 1058 tuerint

348 1097 410 1179 (cp.
427 1097 585 1178 44-57p
606 1095 637 1179 d)
655 1097 673 1160 ὁ
691 1099 748 1173 μὲν
765 1097 804 1173 δή
821 1098 966 1174 accurabo
981 1095 1117 1175 πόλεμοι
1134 1097 1270 1161 ἐνταῦθα
1288 1095 1479 1175 ἐτελεύτηιεν

433 1194 561 1277 ἄρχεται
584 1201 621 1261 δὲ
645 1198 663 1261 ὁ
687 1198 824 1276 πόλεμοι
847 1197 976 1262 ἐνθένδε
999 1198 1059 1277 ἢδη
1082 1203 1148 1263 τῶν
1172 1199 1367 1265 ἐπιεκόπιυνε
1401 1217 1480 1282 quae

351 1301 475 1365 fuerint
496 1301 567 1364 eius
587 1301 681 1364 rixae
704 1319 778 1364 curn
803 1300 961 1383 episeopis
985 1302 1043 1383 (cp.
1062 1301 1123 1383 68).

442 1405 589 1485 eperat,
620 1405 676 1486 qui
705 1404 805 1468 τόποι
836 1402 1099 1467 artificiosissime
1128 1423 1204 1466 oum
1233 1407 1324 1486 parte
1353 1423 1481 1488 praeoe-

350 1506 441 1570 denti
454 1507 667 1590 coniungitur.
691 1507 780 1570 Dicit
795 1507 883 1570 enim
898 1511 1004 1568 orator
1019 1506 1150 1569 alteram
1166 1507 1350 1570 auditorum
1362 1514 1481 1590 partem

351 1611 415 1674 sibi
434 1611 561 1673 crimini
585 1611 736 1673 daturum
755 1627 834 1691 esse,
859 1605 945 1691 quod
968 1610 1112 1674 omiserit
1135 1613 1241 1674 omnia
1263 1614 1383 1675 mortui
1399 1613 1481 1676 facta

350 1713 485 1794 reterre,
516 1713 659 1795 alteram,
690 1732 773 1795 quae
804 1712 1033 1776 mediocritatis
1063 1733 1172 1776 amans
1205 1715 1260 1794 sit,
1294 1719 1481 1797 questuram

352 1835 432 1900 esse,
462 1817 547 1898 quod
575 1817 671 1881 nimis
694 1818 729 1879 in
752 1816 845 1880 laetis
867 1816 1055 1879 enarrandis
1078 1817 1120 1879 sit
1142 1817 1338 1881 immoratus
1376 1821 1481 1900 Atque

352 1925 390 1982 nt
411 1921 541 2001 utrique
557 1921 633 1983 satis
654 1921 759 2001 faciat,
784 1919 878 1982 alianr
901 1919 987 1981 viam
1008 1935 1043 1982 se
1065 1920 1130 1982 iarn
1152 1920 1373 2002 ingressurum
1398 1939 1479 1986 esse:

350 2023 500 2107 singulae
522 2024 622 2106 igitur
645 2023 757 2086 Basilii
779 2023 915 2086 virtutes
937 2023 1172 2105 praedicantur,
1197 2041 1279 2106 quae
1303 2025 1481 2088 seeundum

352 2125 616 2209 philosophorum
646 2125 825 2188 doctrinam
836 2125 858 2206 ¹)
889 2123 1082 2188 dividuntur
1108 2127 1143 2189 in
1169 2127 1276 2204 ἠθικά(
1301 2133 1334 2191 et
1359 2131 1481 2206 διανοη-

353 2229 445 2310 aaut,
466 2245 603 2310 quarum
619 2228 690 2290 illas
710 2229 876 2290 continent
895 2247 943 2310 cp.
963 2229 1104 2310 60-64,
1124 2230 1180 2293 has
1200 2250 1268 2313 cap.
1283 2231 1425 2312 66-69,
1449 2235 1483 2292 ut

352 2350 446 2415 paras
473 2337 579 2415 partes
608 2332 754 2395 existant.
795 2331 887 2408 Quod
914 2333 1037 2414 priores
1066 2333 1187 2414 attinet
1216 2331 1414 2397 monendum
1428 2340 1482 2421 ¹est

354 2439 512 2498 oratorem
541 2435 612 2498 illas
643 2436 791 2516 inprimis
818 2433 949 2498 laudare
974 2435 1116 2515 virtutae,
1145 2453 1226 2516 quae
1252 2437 1481 2500 monachorum
1594 2503 1595 2516 χ

353 2539 500 2620 propriae
524 2544 606 2620 sunt
630 2557 746 2621 nempe
770 2543 989 2620 paupertatem
1006 2537 1073 2624 (60)
1091 2540 1322 2603 continentiam
1338 2541 1405 2622 (61)
1420 2542 1482 2602 vir·
1594 2533 1595 2608 J

353 2643 520 2724 ginitatem
535 2643 602 2724 (62)
618 2643 847 2725 benignitatem
866 2643 901 2704 in
917 2661 1074 2724 pauperes
1090 2661 1264 2723 curamque
1281 2649 1481 2726 aegrotorum
1594 2669 1595 2678 ι

351 2744 429 2826 (63),
449 2745 489 2806 ad
509 2763 587 2826 quas
612 2745 689 2808 alias
712 2761 831 2828 paucas
850 2745 940 2807 addit
954 2745 1028 2827 (64).
1052 2744 1141 2806 Inter
1156 2747 1356 2822 διανοητικὰ(
1373 2745 1482 2826 όιρετόιτ
1594 2743 1595 2752 ’

352 2844 463 2908 laudat
496 2850 601 2909 orator
636 2847 755 2909 mortui
788 2847 1003 2928 eloquentiam
1039 2851 1071 2910 et
1102 2847 1287 2910 facultatem
1321 2847 1482 2912 doctrinae

353 2947 553 3012 Christianae
570 2949 734 3012 docendae
749 2950 824 3032 (65).
848 2950 963 3013 Basilii
986 2951 1154 3014 scientiam
1176 2969 1285 3014 rerum
1302 2951 1482 3014 divinarum

354 3054 475 3113 tantam
501 3051 612 3133 fuisse,
639 3056 677 3114 ut
703 3052 740 3133 is,
770 3053 825 3134 qui
852 3053 939 3116 illius
969 3055 1088 3136 scripta
1111 3055 1228 3137 optime
1252 3057 1388 3136 noverit,
1412 3055 1483 3118 doc·
1594 3079 1595 3102 1

353 3153 498 3217 tissimus
522 3154 666 3217 omnium
688 3153 844 3220 habeatnr
866 3155 940 3238 (66).
969 3157 1119 3239 Denique
1137 3157 1264 3239 scriptis
1284 3163 1316 3220 et
1336 3158 1483 3240 operibus
1594 3157 1595 3194 l

354 3258 539 3320 summatim
564 3259 760 3321 enumeratis
783 3259 891 3341 (602),
921 3279 1017 3341 quarn
1045 3261 1222 3323 doctrinam
1245 3259 1386 3322 Basilius
1414 3279 1483 3342 pro-

339 3348 460 3424 'fessus
483 3362 525 3424 sit
548 3361 740 3443 qualemque
760 3363 794 3425 in
814 3363 949 3425 aliorum
969 3361 1146 3426 doctrinam
1162 3381 1197 3426 se
1212 3361 1405 3446 praebuerit,
1430 3383 1483 3427 ex-

355 3465 486 3546 ponitur
509 3465 569 3546 (op.
588 3465 739 3546 68-69).

446 3566 673 3649 {ereptore
699 3575 760 3651 (cp.
778 3569 938 3650 70—7o):
968 3569 1079 3632 Basilii
1103 3570 1237 3632 virtutes
1261 3575 1485 3652 comparantur

354 3687 430 3732 omn
453 3670 626 3733 virtutibus
645 3673 789 3734 virorum
804 3672 932 3736 Veteris
956 3677 988 3736 et
1003 3672 1087 3735 Novi
1102 3671 1303 3735 Testamenti.
1332 3669 1423 3737 Haec
1440 3679 1485 3738 est
1594 3689 1595 3754 j

355 3772 500 3836 omnium
524 3776 797 3856 comparationum
820 3775 855 3836 in
877 3774 1114 3838 laudationibus
1143 3773 1359 3838 adhibitarum
1382 3793 1483 3857 usque
1594 3785 1595 3834 ι

354 3877 397 3940 ad
413 3876 559 3960 Gregorii
576 3884 711 3942 aetatem
733 3885 771 3942 ut
796 3879 1023 3962 copiosissima,
1046 3882 1092 3943 ita
1117 3879 1371 3963 languidissima.
1411 3881 1484 3946 Sine

338 4029 339 4032 ,
355 3981 542 4044 transitione
558 3982 639 4045 haec
654 4002 728 4065 pars
743 3982 948 4066 praecedenti
965 3983 1170 4066 subiungitur
1185 4003 1233 4065 op.
1253 3981 1311 4045 70:
1338 3985 1423 4061 Φέρε
1444 3985 1482 4059 δὴ

356 4085 484 4146 πολλῶν
508 4083 542 4146 ἐν
565 4087 632 4147 acic
654 4084 748 4148 πάλαι
772 4087 821 4148 κοιλ
844 4083 906 4148 νῦν
928 4087 1109 4159 γεγονότων
1129 4086 1258 4161 ἀνδρῶν
1279 4085 1328 4149 ἐπ’
1350 4087 1483 4168 εὐτεβεὶᾳ

447 4223 468 4292 ¹)
487 4223 562 4277 Haec
582 4225 695 4293 partitio
715 4225 780 4280 inde
800 4227 836 4280 ab
854 4223 1002 4280 Aristotele
1022 4226 1052 4280 in
1070 4244 1123 4281 usu
1141 4229 1215 4292 erat;
1236 4227 1270 4280 ci.
1286 4243 1373 4296 supra
1387 4245 1430 4296 pg.
1442 4227 1482 4280 26.

448 4307 469 4376 ²)
490 4307 529 4360 Cf.
550 4309 659 4363 Cornel.
679 4309 776 4379 Nepot.
796 4305 878 4365 Attio.
901 4309 942 4364 18.
1253 4311 1256 4316 ’

448 4392 469 4460 ⁸)
490 4392 529 4446 Cf.
551 4407 622 4460 quae
642 4409 727 4462 supra
746 4394 862 4462 exposui
881 4393 977 4462 pg230.
