3270 5250
38 539 49 796 1
169 534 247 620 [317]
485 542 524 596 De
543 540 784 598 Pseudo-Luciam
803 543 960 598 timoribus.
1243 541 1286 602 55

198 716 224 777 3.
247 714 469 778 Oaricorum
497 714 687 797 oppidorum
715 715 941 798 inscriptiones
969 715 1008 778 ad
1038 714 1161 792 εειεμὸν
1189 719 1287 798 perti·

37 821 40 840 '
244 825 357 882 nentes
386 823 513 882 exstant
523 823 560 898 ι);
590 817 707 900 quibus
735 819 816 882 nihil
844 838 903 883 nos
930 819 1089 902 proficere
1117 836 1156 882 9ο
1184 821 1286 902 magis

35 849 39 1060 ¹
246 922 417 988 dolendum
437 925 493 1002 est,
514 922 600 1004 quod
619 922 659 986 de
679 925 757 986 viris
778 924 863 1006 ipsis,
887 925 943 1006 qui
963 924 1012 986 his
1031 922 1133 986 titulis
1153 922 1286 988 laudan-

245 1031 304 1097 tur,
328 1025 391 1088 alia
414 1044 543 1107 quoque
565 1027 721 1090 memoria
743 1030 873 1108 extat2).

35 1121 36 1124 ’
195 1129 223 1190 4.
240 1128 351 1210 Itaque
367 1127 407 1190 ad
423 1127 538 1210 oppida
554 1127 672 1210 Lycia
687 1135 894 1193 transeamus
913 1129 1119 1212 Iampridem
1133 1128 1285 1195 Caledoni

31 1151 37 1350 Ι
246 1232 421 1294 Κυανειέων
436 1232 679 1313 inscriptionem
688 1234 712 1314 3)
727 1233 767 1296 ad
783 1239 886 1296 terrae
904 1237 1025 1296 motum
1041 1232 1180 1312 rettulit,
1197 1253 1286 1299 nunc

30 1363 38 1452 )
246 1334 305 1396 alio
330 1333 475 1397 eiusdem
498 1333 562 1396 loci
586 1333 678 1396 titulo
702 1333 767 1414 (IG.
787 1335 826 1398 ad
850 1353 901 1398 res
919 1334 1009 1398 Rom.
1031 1337 1110 1417 pert
1134 1334 1183 1398 III
1209 1338 1286 1419 702)

245 1437 412 1501 ‘terminus
424 1443 497 1502 ante
509 1436 615 1519 qnem’
631 1437 693 1499 nisi
705 1438 798 1500 fallor
811 1443 942 1519 constat,
955 1437 1028 1500 dico
1041 1455 1161 1500 annum
1181 1439 1243 1501 143
1251 1441 1285 1521 4).

244 1539 353 1623 lpsum
376 1545 483 1603 autem
507 1558 628 1602 annum
653 1540 795 1604 indicare
818 1540 895 1604 lieet
916 1540 1126 1622 inscriptione
1144 1541 1285 1606 Rhodia-

244 1644 383 1725 politana
407 1642 614 1726 Opramoae
642 1645 675 1706 in
699 1646 853 1708 honorem
876 1645 1024 1726 incisal),
1054 1664 1116 1726 qua
1144 1644 1286 1710 adhibita

245 1746 418 1828 Heberdey
440 1747 460 1811 l.
476 1768 506 1830 p.
518 1749 562 1811 40
583 1767 629 1830 sq.
654 1751 795 1814 exeunte
819 1768 903 1812 anno
929 1748 990 1810 141
1016 1753 1139 1810 motum
1163 1748 1285 1813 factum

245 1867 312 1912 esse
332 1850 540 1912 ratiocinatus
564 1855 628 1924 est;
652 1852 687 1914 in
711 1871 748 1914 eo
772 1856 878 1915 autem
903 1849 953 1911 vir
975 1848 1088 1911 doctus
1107 1847 1285 1931 Locwyum

245 1951 272 2032 (l.
286 1972 314 2034 p.
330 1953 390 2014 131
408 1955 466 2034 sq.)
482 1959 613 2016 secutus
629 1955 758 2020 videtur
774 1954 940 2034 erravisse,
956 1952 1043 2034 quod
1056 1951 1187 2034 11119119,
1204 1973 1285 2034 quas

245 2053 296 2116 dat
309 2054 473 2118 Voconius
485 2055 570 2119 Saxa
585 2055 625 2118 ad
639 2056 800 2140 MyranoS,
815 2058 866 2122 die
880 2060 898 2120 5
912 2076 1012 2121 mens.
1024 2056 1115 2120 Febr.
1129 2059 1205 2120 anni
1221 2061 1283 2122 142

245 2158 377 2239 scriptas
393 2158 507 2240 posuit,
525 2177 598 2222 cum
615 2160 728 2224 eodem
751 2160 803 2224 die
819 2163 852 2224 et
868 2179 977 2224 mense
994 2159 1070 2223 anni
1087 2161 1151 2222 144
1168 2161 1283 2226 missae

245 2263 349 2343 911116).
374 2263 505 2340 Σειεμὸε
522 2261 640 2326 accidit
656 2268 731 2327 ante
753 2262 839 2327 diem
859 2266 876 2326 7
900 2263 1187 2344 mens.Nov.142,
1208 2282 1283 2326 cum

245 2365 303 2429 hac
315 2365 366 2428 die
378 2365 552 2447 Lyciorum
566 2384 737 2429 commune
752 2364 929 2448 Opramoae
941 2364 1069 2429 decreto
1084 2365 1201 2448 gratias
1213 2369 1285 2446 agat

246 2487 364 2549 eorum,
390 2487 471 2550 quae
496 2473 584 2531 motu
609 2471 678 2532 orto
702 2469 742 2530 iis
767 2468 948 2530 donaverat.
987 2467 1088 2548 Atqui
1112 2466 1284 2548 pecuniam

245 2571 386 2653 aliasque
410 2590 461 2635 199
485 2571 654 2634 confestim
678 2570 769 2632 illum
791 2570 942 2653 largitum
966 2589 1035 2633 9999
1058 2588 1182 2632 summa
1210 2587 1282 2631 oum

244 2673 462 2756 probabilitate
483 2675 629 2737 statuerit
647 2674 813 2757 quispiam.
839 2673 939 2749 Quam
965 2672 1100 2754 obrem,
1124 2670 1284 2753 siquidem

245 2776 278 2838 in
297 2777 477 2839 communis
497 2777 621 2840 consilii
639 2776 851 2839 auctumnalis
871 2776 999 2840 decreto
1020 2777 1095 2838 anni
1118 2776 1178 2836 141
1204 2772 1285 2835 nihil

246 2882 391 2962 occurrit,
409 2880 496 2961 quod
511 2880 552 2943 ad
568 2881 780 2944 calamitatem
797 2883 927 2962 spectet,
948 2879 1071 2942 medio
1090 2879 1171 2942 iere
1187 2896 1284 2940 anno

248 2985 318 3046 142
343 2985 462 3061 carpor
486 2984 601 3047 evenit.

245 3086 311 3149 lam
335 3087 374 3150 ad
396 3087 574 3150 Luciannm
597 3092 812 3164 revertamur,
838 3087 917 3149 haec
940 3086 1039 3166 igitur
1062 3082 1285 3166 disputationis

159 3205 279 3251 summa
306 3196 370 3253 est:
402 3189 491 3253 fieri
521 3209 596 3252 non
626 3192 761 3272 potest,
792 3190 885 3271 quin
912 3188 1084 3268 Lucienus,
1117 3187 1143 3250 si
1174 3190 1286 3249 auctor

159 3289 272 3374 dialogi
296 3298 388 3374 esset,
421 3296 700 3356 memoraturus
728 3294 849 3356 fuerit
872 3297 999 3356 terrae
1023 3296 1163 3354 motum
1186 3288 1286 3352 haud

158 3395 385 3459 mediocrem
415 3398 452 3460 91
478 3398 564 3478 post
592 3397 702 3459 cuius
731 3399 909 3459 eventum
935 3396 1081 3477 viginti
1104 3397 1288 3476 quattuor

248 3555 267 3623 ¹)
287 3556 343 3610 ClG
356 3556 379 3608 ll
396 3556 479 3622 2718;
501 3556 591 3610 27189
605 3555 678 3625 (add.
688 3573 713 3624 p.
727 3555 816 3625 1108),
834 3556 917 3622 2721;
939 3558 971 3612 cf.
986 3555 1137 3624 Hertzberg
1154 3550 1286 3620 1.11365;

158 3635 187 3690 G.
200 3639 419 3709 Lacour·Gayet,
439 3640 564 3694 Antonin
581 3642 607 3694 19
627 3640 715 3694 Pieux
735 3644 761 3694 et
781 3656 833 3693 son
851 3643 951 3709 temps,
970 3639 1062 3709 (1888)
1082 3640 1141 3693 163.

247 3725 268 3793 ²)
287 3725 393 3780 Cousin
412 3729 441 3778 et
459 3725 547 3792 Diehl,
574 3726 668 3779 bullat.
684 3740 753 3778 corr.
767 3725 831 3778 hell.
848 3725 916 3778 1887
930 3725 964 3777 Xl
978 3725 1013 3778 45
1036 3742 1062 3793 p.
1080 3725 1113 3778 31
1125 3740 1178 3792 sq,
1205 3739 1231 3791 p.
1242 3722 1285 3780 36.

245 3810 267 3877 1)
286 3811 407 3865 Foucart
432 3811 469 3864 ad
487 3811 525 3864 Le
544 3811 607 3879 Bas,
634 3826 695 3878 voy.
711 3811 833 3864 aroheol.
852 3810 1039 3876 111991.1285;
1065 3807 1286 3876 Laoour-Gayet

157 3893 282 3962 1.163‚2;
302 3897 367 3962 2213
390 3896 424 3950 lG
444 3897 480 3950 ad
500 3912 544 3960 res
563 3898 643 3949 Rom.
658 3901 727 3964 pert.
740 3897 775 3950 111
789 3896 849 3949 701.

245 3981 266 4049 ⁴)
285 3980 442 4049 Relliquiae
463 3981 538 4034 enim
558 3982 694 4050 epistulae
712 3981 754 4034 Pii
774 3982 988 4047 αὐτοκράτορσι
1014 3983 1036 4046 β’
1051 3980 1126 4035 haud
1146 3979 1229 4032 dubie
1248 3979 1286 4034 ad

157 4079 254 4118 casum
273 4067 351 4120 illum
371 4067 520 4134 pertinent.

246 4150 267 4220 ⁶)
287 4152 390 4218 Loewy
410 4151 484 4218 apud
497 4152 630 4205 Peterson
644 4168 670 4204 u.
684 4169 708 4204 v.
723 4151 862 4220 Luschan,
882 4153 987 4206 Reisen
1004 4152 1034 4205 in
1051 4151 1166 4220 Lykien,
1185 4149 1286 4218 Milyas

155 4248 181 4286 u.
196 4233 336 4305 Kibyratis
356 4235 469 4304 (Reisen
489 4235 526 4288 im
550 4236 692 4290 siidwestl.
707 4236 870 4290 Kleinasien
890 4238 1006 4306 111889)
1025 4238 1053 4290 P.
1069 4236 1104 4290 76
1114 4253 1155 4305 sq.
1171 4259 1203 4279 =
1218 4233 1287 4303 (me-

156 4318 219 4389 lius)
237 4321 392 4390 Heberdey,
413 4322 568 4389 Opramoas
586 4321 678 4391 (1887)
693 4346 725 4365 =
739 4321 774 4375 lG
794 4321 829 4375 ad
849 4338 894 4375 res
914 4323 992 4375 Rom.
1006 4325 1075 4390 pert.
1089 4318 1197 4373 111739.

245 4406 265 4475 ⁶)
285 4407 393 4475 Cagnat
417 4406 453 4459 ad
479 4406 514 4460 lG
533 4407 569 4461 ad
593 4407 659 4460 111.
674 4423 699 4474 p.
715 4407 762 4460 1.1.
779 4423 801 4460 c.
816 4405 851 4458 36
870 4408 964 4474 [1291)
985 4422 1108 4460 errorem
1132 4402 1287 4460 emendans

156 4492 253 4554 postea
271 4492 304 4560 (c.
315 4492 351 4544 53
364 4507 389 4558 p.
401 4491 463 4554 297)
481 4491 639 4559 Heberdeyi
658 4491 798 4544 rationem
817 4491 956 4560 integram
975 4491 1087 4560 recepit.
