3240 5258
317 483 381 546 150
768 489 877 544 Xavar
896 488 1013 556 harah,

315 660 448 726 cendam
477 666 509 724 et
537 659 749 742 iudicandam,
780 660 837 725 sed
865 659 992 725 docebit
1019 659 1123 740 etiam,
1153 663 1312 741 quatenus
1339 659 1455 722 hiatus

315 761 1451 846 medioetexcuutesaeculoquartoadmissiautvitaliarhetcribussint

405 865 497 941 Quod
520 867 643 950 priores
667 867 840 950 scriptores
862 868 982 947 attinet,
1006 869 1132 929 constat
1150 883 1261 928 omnes
1285 865 1363 946 iere,
1389 864 1450 945 qui

314 974 386 1050 post
399 968 573 1032 Isocratem
588 969 727 1050 fuerunt,
752 988 860 1033 osores
878 970 983 1032 hiatus
1002 967 1146 1047 tuisse1);
1172 969 1345 1050 scriptores
1368 966 1452 1030 iude

315 1071 353 1134 ab
377 1071 513 1136 Aeliano
538 1077 570 1135 et
593 1072 783 1136 Philostrato
802 1073 856 1135 vel
874 1073 981 1134 minus
998 1069 1168 1151 diligentes
1183 1071 1218 1132 in
1235 1089 1272 1135 eo
1288 1068 1448 1152 fugiendo

313 1175 475 1257 fuerunt²l
484 1175 536 1239 rel
545 1175 639 1258 plane
648 1196 714 1239 non
725 1173 918 1238 studuerunt
928 1173 1126 1238 collisionem
1135 1173 1447 1252 vocaliumvitare⁸t

314 1276 412 1358 Apud
434 1277 606 1358 scriptores
629 1277 821 1360 posteriores
844 1275 989 1338 studium
1012 1274 1119 1338 hiatus
1143 1275 1285 1338 evitandi
1303 1275 1443 1338 revixit:

315 1377 501 1460 synesium)
533 1383 566 1442 et
597 1379 794 1460 Cloacinae
832 1378 1068 1460 diligentissimi
1098 1378 1133 1439 in
1166 1377 1256 1440 hiatu
1286 1377 1446 1457 fugiendo

313 1481 459 1560 fuerunt,
474 1500 610 1563 quorum
624 1499 717 1544 usum
731 1479 920 1563 Gregorium
931 1499 1060 1564 quoque
1072 1481 1164 1561 sequi
1174 1481 1239 1544 iam
1251 1479 1447 1544 videbimus,

314 1583 419 1665 Atque
442 1584 486 1646 ita
510 1585 730 1666 quaestionem
752 1584 927 1664 instituam,
955 1588 991 1645 ut
1013 1584 1152 1665 primum
1175 1588 1266 1646 notas
1290 1602 1326 1646 ac
1350 1584 1450 1664 signa

313 1685 368 1748 illa
386 1685 552 1768 proteram,
577 1686 693 1768 quibus
713 1685 948 1750 demonstretur
965 1687 1153 1768 scriptorem
1172 1685 1211 1749 de
1229 1685 1388 1748 industria
1404 1707 1451 1751 ac

314 1807 372 1851 suo
397 1789 528 1852 consilio
553 1789 675 1852 hiatum
699 1789 833 1867 vitasse3
859 1787 974 1852 deiude
999 1807 1052 1852 eas
1076 1788 1234 1852 vocalium
1259 1788 1448 1853 collisiones

315 1891 518 1972 enumera-bo,
539 1893 594 1973 qui
610 1892 718 1954 hiatus
737 1892 806 1954 veri
822 1910 928 1973 neque
943 1891 1053 1954 haberi
1069 1893 1204 1973 possunt
1218 1910 1323 1973 neque
1340 1891 1449 1958 habiti

314 1999 399 2075 sunt,
419 1999 488 2058 tum
506 1994 612 2058 hiatus
631 1995 718 2077 ipsos
733 1993 901 2076 proferam.
925 1994 989 2058 Per
1008 2012 1042 2057 sc
1061 2000 1168 2058 autern
1191 2000 1278 2077 patet
1300 2014 1351 2058 me
1374 2015 1449 2060 non

314 2115 368 2162 eos
392 2097 497 2160 hiatus
518 2097 649 2178 referre,
678 2096 733 2178 qui
760 2096 794 2158 in
822 2096 863 2158 iis
885 2095 966 2160 locis
989 2098 1107 2179 insunt,
1132 2116 1213 2179 quos
1237 2117 1255 2162 e
1278 2098 1450 2181 Scriptura

315 2201 490 2282 sumpsisse
513 2201 583 2282 ipse
607 2205 713 2264 orator
735 2199 897 2262 indicavit.

402 2302 470 2366 Iam
494 2303 521 2364 si
544 2303 598 2366 illa
617 2305 715 2385 signe,
739 2302 856 2384 quibus
876 2301 1067 2384 Gregorium
1086 2302 1125 2366 de
1143 2301 1301 2366 industria
1318 2303 1450 2370 hiatum

314 2405 450 2470 evitasse
469 2405 630 2487 probatur,
655 2424 818 2483 enumero,
838 2404 993 2468 admoneo
1012 2405 1129 2469 iterum
1147 2406 1302 2469 lectorem
1321 2426 1449 2490 omnes,

315 2527 393 2589 quas
409 2507 554 2590 praebeo,
572 2509 727 2572 lectiones
750 2508 785 2570 in
809 2527 846 2572 ea
862 2526 995 2590 operum
1010 2507 1041 2570 N
1042 2509 1206 2572 azianzeni
1222 2508 1361 2572 editione
1386 2529 1450 2574 ex-

314 2617 405 2691 stare,
430 2629 511 2692 quae
536 2631 554 2674 a
578 2611 655 2674 viris
679 2615 824 2675 veterum
847 2611 1039 2692 scriptorum
1061 2610 1168 2674 hiatus
1191 2611 1314 2674 vitandi
1337 2611 1452 2694 legem

314 2719 411 2795 atque
434 2713 576 2776 studium
598 2714 692 2796 plane
710 2713 932 2796 ignorantibus
956 2713 1103 2778 coniecta
1126 2714 1183 2776 sit:
1208 2713 1316 2796 itaque
1340 2716 1366 2778 si
1391 2717 1450 2780 vel

314 2817 348 2878 in
368 2815 428 2879 hac
447 2835 628 2880 sermonem
647 2815 779 2879 cratoris
798 2815 958 2878 vocalium
977 2814 1195 2879 collisionibus
1218 2816 1285 2880 iere
1305 2816 1450 2882 liberum

315 2936 385 2982 esse
411 2918 623 3000 ostendemus,
648 2918 873 3002 gravissimum
901 2917 962 2980 hoc
987 2923 1211 3002 argumentum
1240 2919 1451 3002 proferemus

314 3021 422 3103 studii,
446 3022 532 3104 quod
554 3022 589 3084 in
611 3021 688 3104 iuga
711 3020 816 3084 hiatus
840 3020 1012 3103 Gregorius
1035 3022 1149 3103 posuit

407 3127 433 3188 1.
458 3126 563 3189 ἕνεκεν
583 3129 655 3187 ante
671 3124 807 3206 vocales,
824 3125 915 3216 ἕνεκᾳ
931 3126 1004 3188 ante
1021 3131 1255 3188 consonnantes
1271 3127 1405 3208 ponitur
1412 3130 1449 3210 ⁶).

314 3235 529 3244 -—--u-——-

408 3264 426 3334 ¹)
447 3266 485 3320 Cf.
499 3265 643 3333 Schmid,
663 3267 679 3318 l.
695 3281 717 3320 c.
732 3265 766 3318 lll
786 3282 828 3334 pg.
843 3266 903 3320 291.
923 3266 962 3320 De
976 3265 1091 3320 Philone
1110 3266 1175 3320 vide
1188 3267 1373 3321 Wendland
1388 3271 1406 3323 l.
1422 3286 1449 3325 c.

314 3367 357 3419 pg.
372 3350 432 3418 116,
459 3355 487 3404 et
512 3350 654 3404 Cumont
677 3350 732 3404 l.c.
752 3351 869 3420 pg.XX;
896 3351 930 3404 de
956 3351 1065 3405 Herode
1092 3351 1192 3419 Attico,
1220 3351 1360 3406 liittner
1387 3355 1450 3410 hc.

314 3435 418 3505 para
445 3436 479 3489 de
499 3436 586 3490 Dione
606 3435 815 3504 Chrysostomo,
842 3435 978 3490 Schmid
1001 3437 1055 3490 l.c.
1071 3437 1082 3490 Ι
1100 3453 1143 3504 pg.
1159 3435 1225 3502 168;
1252 3435 1286 3489 de
1307 3435 1452 3509 Lucieno,

315 3521 449 3574 Schmid
474 3520 631 3587 helech
661 3520 696 3574 de
721 3520 856 3588 Aristide,
882 3521 1016 3574 Schmid
1041 3521 1058 3574 l.
1079 3521 1222 3590 c.pg.73;
1253 3520 1287 3574 de
1313 3521 1452 3579 Hierocle

315 3604 418 3671 Stoic0,
431 3605 461 3658 K.
476 3605 646 3659 Praechter
664 3605 817 3674 Hierokles,
832 3605 881 3658 der
894 3605 1002 3658 Stoiher
1017 3605 1085 3659 1901
1105 3621 1148 3673 pg.
1163 3605 1227 3670 100;
1243 3634 1277 3643 -
1291 3605 1453 3662 Kiihner-

314 3690 397 3743 Blall
417 3691 434 3744 l.
449 3707 471 3744 c.
486 3707 528 3758 pg.
544 3691 596 3744 198
614 3707 689 3760 seqq.

406 3775 426 3843 ²)
447 3775 583 3830 Schmid
601 3777 618 3830 l.
634 3793 656 3832 c.
671 3775 780 3845 111291,
795 3776 903 3830 illes.

405 3859 426 3928 ³)
444 3860 593 3927 Norden,
622 3861 671 3915 Die
698 3861 794 3915 antike
819 3862 1025 3930 Kunatprosal
1047 3861 1108 3915 361.
1135 3891 1169 3900 —
1196 3861 1236 3914 De
1260 3859 1342 3916 hiatu
1369 3865 1453 3933 apud

314 3943 472 4014 Appianum
491 3945 556 3998 vide
575 3945 709 4012 Zerdih,
729 3947 841 4014 Quaest.
862 3945 1033 4014 Appianeae,
1053 3945 1114 4000 Kiel
1135 3945 1212 4000 1886.

406 4028 426 4096 ⁴)
444 4029 534 4082 Fritz
555 4031 571 4084 l.
587 4046 610 4083 c.
624 4047 666 4098 pg.
683 4030 741 4084 175.

406 4114 428 4182 ὅ)
449 4113 587 4168 Curtius
606 4115 758 4182 Kirsten,
773 4114 958 4184 Quaestiones
973 4114 1157 4170 Choricianae
1170 4115 1334 4184 (Breslauer
1347 4119 1452 4186 philol.

315 4198 451 4252 Abhandl.
466 4198 512 4251 Vll
530 4199 615 4251 vol.2
634 4199 726 4268 (1895)
744 4216 787 4268 pg.
802 4200 844 4252 25.

406 4284 426 4351 ⁶)
445 4283 525 4351 Quod
552 4285 644 4336 οὕτω(
669 4288 697 4337 et
727 4285 820 4348 μέχρι(
851 4287 917 4338 ante
945 4273 1072 4351 vocales,
1101 4285 1177 4336 οὕτω
1204 4287 1232 4338 et
1265 4286 1347 4352 μέχρι
1379 4292 1454 4346 ante

316 4382 456 4421 consonas
482 4368 624 4436 leguntur,
650 4368 685 4421 ab
713 4367 866 4422 editoribus
892 4369 928 4422 ad
953 4371 1064 4437 regulas
1090 4369 1290 4438 grammaticae
1318 4373 1453 4444 vulgaris

316 4451 498 4506 constitutum
518 4469 580 4506 esse
599 4456 703 4520 potest3
724 4470 809 4522 quare
828 4455 900 4508 haec
919 4453 1029 4508 seclusi.
