3270 5250
339 469 382 531 68
770 470 898 525 Robert
922 469 1039 536 Bloch,
1377 460 1474 546 [330]

335 651 374 709 ut
392 646 501 709 rhetor
519 663 628 708 mense
646 642 732 706 Maio
744 645 765 724 ¹)
784 661 837 706 eas
856 645 988 723 teneret,
1012 645 1119 703 tamen
1139 641 1176 721 is,
1197 658 1272 703 cum
1291 647 1365 703 ante
1383 660 1473 703 mor-

336 749 414 812 bum
442 747 557 812 adierit
579 750 778 830 Aegyptum,
807 749 878 828 post
905 763 1026 807 annum
1053 745 1113 806 151
1144 742 1189 805 ibi
1217 742 1317 806 fuisse
1347 743 1470 824 nequit.

336 853 439 932 Atqui
462 851 554 914 titulo
577 848 843 932 Rhodiapolitano
871 865 923 911 res
947 847 1023 910 anni
1053 847 1115 909 152
1140 864 1269 927 quoque
1297 844 1472 908 traduntur

336 973 444 1035 neque
467 953 548 1016 alius
572 958 674 1016 terrae
698 953 803 1014 motus
828 951 1029 1014 memoratur.
1069 948 1153 1032 Ergo
1178 947 1336 1012 Aristides
1360 948 1468 1011 medio

336 1077 420 1120 anno
446 1058 518 1136 142,
542 1061 611 1118 tum
635 1074 707 1118 oum
733 1054 852 1132 (ειεμὸε
876 1054 993 1134 evenit,
1016 1053 1050 1115 in
1069 1055 1218 1135 Aegypto
1243 1058 1390 1115 versatus
1410 1055 1467 1116 est.

428 1158 519 1235 Quod
536 1177 609 1222 cum
628 1157 724 1221 altera
743 1157 865 1220 ratione
883 1156 1017 1219 fortasse
1035 1154 1176 1236 quadrat.
1196 1155 1268 1220 Una
1286 1155 1371 1218 euim
1391 1174 1467 1218 oum

337 1264 487 1340 βαειλεῦει
514 1260 708 1324 Heliodorus
736 1257 909 1337 γενόμενος
936 1262 992 1336 τῆ(
1019 1258 1174 1333 Αἰγύπτου
1204 1257 1348 1336 ὕπαρχοί
1378 1257 1465 1339 (444,

339 1363 447 1445 1444.)
471 1362 638 1445 epistulam
667 1361 707 1426 ad
734 1361 906 1425 Aristidem
933 1360 1028 1424 misit.
1076 1360 1207 1424 Constat
1235 1364 1342 1423 autem
1372 1359 1466 1422 illum

334 1465 512 1549 praefuisse
523 1468 671 1548 Aegypto
684 1466 769 1528 inter
780 1483 924 1528 mensem
936 1463 1120 1527 Ianuarium
1135 1464 1211 1526 anni
1224 1465 1287 1526 138
1301 1469 1333 1527 et
1344 1482 1465 1526 annum

337 1569 399 1631 141
425 1569 501 1649 (142
525 1568 765 1649 1444414410).
797 1567 911 1648 ltaque
931 1565 1046 1648 Meyer
1065 1566 1186 1648 (Herm.
1206 1565 1285 1648 11),
1309 1565 1463 1630 Schmidii

336 1671 574 1753 chronologiam
589 1675 719 1734 secutus
731 1671 874 1734 rhetores
885 1669 1022 1733 Romae
1039 1688 1134 1732 usum
1151 1674 1182 1733 et
1198 1668 1462 1734 consuetudinem

334 1775 420 1837 inter
435 1793 469 1837 se
485 1774 595 1837 iniisse
612 1773 787 1852 existimat3
804 1773 882 1836 item
894 1773 980 1836 enim
996 1772 1105 1836 rhetor
1120 1776 1187 1836 erat
1198 1771 1337 1835 Avidius
1353 1771 1464 1835 Helio-

335 1878 431 1940 dorus
443 1879 473 1959 ³).
497 1876 570 1960 Ipse
583 1895 712 1958 quoque
729 1876 762 1938 id
773 1876 931 1939 assentior
947 1895 974 1938 v.
983 1874 1021 1956 d,
1033 1877 1096 1938 nisi
1114 1874 1200 1958 quod
1218 1875 1290 1938 11411
1307 1894 1408 1959 posse,
1426 1880 1465 1938 ut

333 1981 362 2042 is
385 1981 420 2042 in
443 1981 616 2062 Aegypto
640 1979 776 2042 Aristidi
796 1979 980 2060 innotuerit,
1001 1997 1101 2060 sumo,
1121 1979 1329 2042 etiamsinon
1350 1977 1463 2041 intima

334 2082 404 2146 eius
415 2082 628 2146 familiaritate
640 2086 792 2146 uteretur.
804 2081 876 2146 Hoc
888 2082 974 2145 enim
986 2081 1013 2145 si
1025 2081 1145 2162 fuisset,
1158 2080 1376 2145 utlluarostus
1385 2080 1464 2146 0144

333 2186 420 2268 (421,
434 2186 474 2247 16
486 2186 543 2266 sq.)
566 2188 725 2262 γνώριμος
748 2186 797 2247 καὶ
813 2185 947 2261 ruviene
962 2186 1102 2260 γεγονὼς
1122 2184 1170 2247 ἐπὶ
1184 2188 1240 2261 τῆ(
1257 2183 1290 2248 ἐν
1306 2183 1463 2259 Αἰγύπτου

333 2286 818 2369 διατριβῆ16141141,1144141114
838 2286 959 2368 aliquid
979 2285 1159 2350 addidisset.
1176 2287 1296 2350 Verum
1316 2287 1401 2367 quod
1422 2287 1463 2350 ab

331 2393 402 2475 ipso
418 2390 600 2472 Heliodoro,
618 2391 750 2474 pristino
768 2391 909 2473 Aegypti
921 2389 1091 2472 praefecto,
1107 2389 1228 2453 litteras
1245 2408 1279 2453 se
1300 2391 1464 2473 accepisse

333 2494 453 2575 dicitid
470 2495 587 2577 optime
599 2493 807 2576 intellegitur,
820 2494 848 2556 si
860 2494 923 2555 iam
934 2493 1123 2576 magistratu
1135 2493 1324 2575 fungentem
1337 2493 1463 2556 viderat

334 2596 481 2661 eundem.
505 2596 568 2660 Sed
591 2616 632 2660 ne
656 2597 735 2660 haec
757 2597 837 2659 ratio
857 2597 950 2678 quasi
972 2595 1189 2682 suppeditaria
1211 2595 1332 2678 evadat,
1355 2603 1463 2660 tamen

333 2705 473 2763 statuere
500 2700 575 2763 licet
597 2699 808 2764 Aristidem
832 2700 955 2764 medio
989 2700 1072 2764 fere
1101 2719 1198 2762 anno
1233 2701 1304 2762 142
1332 2700 1369 2761 in
1392 2701 1464 2763 Ae-

333 2807 449 2886 gypto
473 2807 664 2866 versatum
691 2805 815 2884 esse4).

495 2982 526 3063 b)
549 2982 598 3046 De
622 2982 740 3046 Avidio
764 2982 937 3046 Heliodoro
961 2983 1121 3065 praefecto
1144 2982 1294 3065 Aegypti.

422 3108 497 3171 Una
511 3108 545 3170 in
565 3127 698 3171 censum
717 3107 805 3171 venit
827 3107 992 3190 inscriptio
1018 3126 1062 3189 ea,
1087 3127 1169 3189 quae
1187 3108 1306 3191 legitur
1321 3106 1466 3172 414111

333 3210 420 3272 4955
446 3216 477 3274 41
500 3231 596 3294 quam
628 3210 741 3274 melius
766 3210 936 3293 descripsit
965 3210 1218 3294 Schweinfurth,
1249 3212 1464 3275 Petermanns

334 3312 510 3396 Geograph.
526 3312 651 3376 Mitteil.
669 3313 754 3378 1815
772 3313 856 3377 XXI
869 3315 942 3377 392.
966 3316 1073 3396 Atque
1098 3314 1278 3378 secundum
1302 3315 1363 3377 hoo
1386 3335 1465 3398 apo-

426 3491 444 3559 1)
462 3490 531 3544 Tum
545 3491 620 3544 enim
633 3493 816 3559 proconsules
829 3492 1024 3561 magistratum
1037 3491 1108 3545 inire
1119 3493 1259 3559 solebant3
1274 3492 1308 3545 of.
1318 3492 1465 3547 Schwartz

333 3576 474 3630 1132-
494 3576 618 3630 Mortuus
633 3579 677 3630 est
696 3577 762 3630 Pius
776 3577 821 3630 die
841 3577 959 3646 septimo
978 3576 1084 3630 mensis
1102 3577 1196 3644 Marti;
1217 3577 1251 3630 cf.
1267 3593 1324 3631 von
1343 3577 1467 3632 Rohden

333 3661 407 3729 apud
427 3660 482 3714 PW
500 3661 524 3714 ll
542 3661 621 3728 2504,
633 3661 668 3715 41
682 3679 722 3730 sq.

424 3746 445 3814 ¹)
465 3746 515 3815 [Cf.
535 3746 563 3799 P.
584 3747 690 3815 Meyer,
721 3748 813 3801 Herm.
838 3746 907 3800 1897
932 3747 1033 3800 XXXll
1056 3747 1109 3799 220
1126 3763 1184 3815 sq.,
1215 3747 1384 3802 Heerwesen
1413 3749 1469 3804 der

333 3831 517 3899 Ptolemaeer,
539 3832 598 3898 146,
618 3833 684 3900 228;
712 3832 847 3901 Seymour
866 3832 900 3885 de
919 3832 1010 3898 Ricci,
1033 3832 1111 3885 Proo.
1132 3847 1188 3886 soc.
1209 3831 1274 3885 bibl.
1295 3834 1370 3887 arch.
1392 3834 1468 3890 1902

332 3917 418 3971 XXIV
438 3917 472 3970 64
491 3933 518 3971 n.
536 3916 591 3986 47.)
611 3916 708 3985 Oxyr.
723 3918 799 3986 Pap.
814 3917 922 3971 111484.

423 4000 503 4069 3)(]1.
523 4002 553 4054 A.
569 4002 677 4068 Bohler,
698 4003 814 4070 sophist.
834 4018 917 4056 anon.
937 4006 1068 4071 protrept.
1089 4002 1185 4070 fragm.
1204 4002 1295 4071 (1903)
1314 4020 1340 4071 p.
1352 4004 1395 4058 34.

423 4085 445 4154 ⁴)
464 4086 629 4155 Nuperrime
652 4087 794 4141 Schwartz
811 4088 829 4140 1.
849 4087 901 4141 130
912 4104 953 4156 sq.
974 4086 1183 4155 chronologiam
1199 4087 1368 4141 Aristideam
1382 4091 1469 4144 resti-

332 4173 411 4224 tuere
430 4170 469 4224 ita
482 4174 601 4224 conatus
614 4174 669 4240 441,
692 4175 724 4224 ut
736 4187 812 4226 anno
827 4171 968 4225 1201114111
980 4175 1079 4225 natum
1092 4187 1155 4224 esse
1168 4174 1293 4240 poneret.
1314 4172 1395 4238 Quod
1409 4176 1469 4230 etsi

333 4270 397 4309 oum
415 4254 451 4307 iis
471 4270 542 4324 quae
561 4256 775 4324 explanavimus
794 4256 930 4323 concinit,
950 4259 1046 4310 tamen
1058 4256 1113 4309 viri
1126 4255 1201 4310 docti
1213 4256 1470 4315 ratiocinationem

333 4338 411 4406 sequi
422 4354 530 4407 nequeo
539 4357 545 4406 ;
555 4340 609 4393 hoc
618 4356 686 4394 vero
696 4340 809 4394 uberius
819 4356 957 4409 exponere
966 4358 983 4395 a
992 4344 1090 4394 nostro
1100 4341 1163 4394 loco
1170 4340 1294 4395 alienum
1301 4341 1471 4397 videtur.—

333 4423 410 4476 Mees
429 4423 553 4477 rationes
572 4424 661 4479 Keilio
679 4441 738 4479 non
761 4423 844 4494 plane
863 4425 976 4494 probari
995 4425 1095 4492 habeo,
1119 4441 1168 4479 cur
1192 4424 1297 4478 diserte
1322 4442 1469 4485 moneam.
