3228 5268
296 532 297 535 ,
318 491 359 544 De
380 489 505 558 Gregorii
524 471 889 546 Nazianzebi'orationibus
909 491 1079 546 funebribus.
1219 480 1260 552 67

124 663 312 743 γνωρίμων,
336 665 530 743 νομοθετῶν,
554 667 746 745 ετρατητῶν,
769 661 954 745 προφητῶν,
974 665 1175 746 θιδαεκάλων,
1192 671 1262 731 ’τῶν

126 764 294 842 ἀνδρικῶν
319 764 426 842 μέχρι(
445 763 583 846 αἵματος,
608 768 682 842 παρ’
701 765 828 831 ἐκείνοις
842 768 881 830 τὰ
896 768 1031 846 ἡμὲτερα
1047 769 1263 847 θεωρήεαντετ

126 867 307 930 κάντεῦθεν
335 868 392 930 τὸν
419 863 524 945 ἄνδρα
549 868 795 951 γνωρίεινμενῑ).
831 870 938 951 Atque
966 871 1107 952 primum
1131 871 1262 953 quidem

10 955 11 960 ’
123 969 187 1032 riri
204 969 340 1034 Veteris
356 969 548 1032 Testamenti
561 969 770 1051 proferuntur
784 973 843 1055 (ep.
861 973 1021 1059 l0-74):
1045 973 1152 1038 Adam
1174 974 1262 1040 Eros

125 1072 243 1137 Enoch
264 1072 336 1136 Noe
356 1073 438 1155 (70);
464 1072 626 1136 Abrabam
643 1073 756 1157 (Isaac)
775 1075 910 1141 Iacobus
929 1077 1011 1160 (71);
1030 1078 1186 1162 Iosephus
1204 1079 1261 1143 [ob

124 1175 235 1240 Moses
253 1177 367 1239 Aaron
378 1176 458 1257 (72l3
476 1176 601 1240 iudices
614 1177 890 1260 etreges'Samuol
903 1177 1007 1243 David
1019 1179 1168 1263 Salomon
1180 1183 1260 1265 (73);

123 1281 307 1363 prophetae
324 1279 411 1342 Elias
425 1279 572 1343 Elisaeus
588 1281 706 1363 aliique
723 1283 798 1365 (74).
828 1283 946 1348 Verbis
969 1283 1018 1348 aa
1041 1287 1078 1348 δὲ
1100 1287 1157 1363 τὴν
1174 1285 1262 1350 Νέαν

124 1385 244 1461 μέτειμι
271 1383 436 1460 Διαθήκην
464 1384 651 1448 transitione
680 1384 765 1448 facta
794 1390 899 1449 orator
922 1391 1085 1469 comparat
1106 1387 1263 1452 Basilium

124 1501 203 1550 oum
222 1486 374 1549 Iohanne
391 1487 465 1567 (75),
491 1504 566 1550 cum
589 1487 684 1551 Petro
705 1487 807 1552 Paulo
821 1489 984 1571 Stephano
1005 1490 1080 1571 (lo).
1113 1489 1154 1553 In
1177 1509 1262 1555 com-

123 1589 308 1671 parationis
324 1589 392 1651 fine
408 1593 505 1652 totam
525 1594 647 1672 partem
671 1590 721 1652 his
746 1592 969 1674 complectitur
987 1592 1109 1656 verbis:
1134 1592 1262 1662 ’ἐκεῖνα

122 1691 184 1771 γὰρ
210 1691 249 1754 τὸ
273 1693 331 1769 μὲν
351 1691 457 1769 ἐξεῦρε
475 1695 549 1754 τῶν
560 1694 675 1773 καλῶν,
694 1693 730 1755 τὸ
750 1695 787 1756 δὲ
806 1693 949 1775 ἐζήλωεε,
965 1695 1002 1757 τὸ
1022 1697 1058 1758 δὲ
1074 1695 1198 1779 ἐνίκηεε,
1216 1704 1260 1781 τῷ

124 1796 159 1857 δὲ
179 1795 235 1856 διὰ
256 1793 390 1856 πάντων
410 1792 510 1857 ἐλθεῖν
530 1798 594 1856 τῶν
612 1796 670 1856 νῦν
690 1794 818 1858 πάντων
835 1794 1020 1873 ἐκράτηεεν’.
1043 1797 1174 1860 Tantam
1191 1798 1261 1862 eius

123 1896 264 1980 gloriam
288 1896 398 1977 tuisse,
423 1901 459 1958 ut
481 1915 592 1960 omnes
617 1914 692 1960 eum
714 1898 833 1960 imitari
856 1895 1021 1961 studerent
1038 1899 1112 1980 (77).

217 1994 398 2064 &decret
420 1999 481 2082 (cp.
502 1999 661 2079 78-79):
687 1998 727 2062 Se
750 2015 826 2082 prae
849 2019 973 2063 summo
991 1997 1099 2065 dolore
1116 2006 1262 2067 cunctari

124 2099 163 2165 ad
188 2101 279 2164 hanc
304 2104 428 2183 partem
452 2102 603 2165 transire:
625 2101 710 2166 '‘Tolc
738 2103 773 2166 δὲ
796 2104 867 2180 ἑξῆε
888 2103 976 2166 ὀκνεῖ
999 2107 1056 2181 μὲν
1079 2108 1261 2182 προεελθεῑν

124 2206 142 2268 ὁ
167 2206 278 2286 λόγοε,
304 2204 510 2282 προεβήεεται
536 2207 571 2266 δὲ
596 2201 691 2284 ὅμως,
717 2205 741 2268 εἰ
764 2205 814 2268 καὶ
839 2202 942 2269 ἄλλοις
966 2207 1083 2284 μᾶλλον
1106 2208 1216 2284 πρέπει
1241 2210 1260 2272 θ

124 2309 235 2383 lotor·
268 2305 309 2370 οὐ
339 2306 400 2383 γὰρ
429 2305 493 2385 ’έχω
522 2308 710 2385 φιλοεοφεῖν
738 2305 773 2370 ἐν
801 2307 846 2391 τῷ
871 2307 976 2390 πάθει,
1003 2311 1054 2372 καὶ
1081 2310 1107 2372 εἰ
1135 2309 1262 2390 rodopa

124 2411 319 2490 odoramata
345 2407 532 2491 ἐτπούδακα,
556 2409 612 2485 τῆς
636 2411 742 2487 κοινῆ(
765 2411 962 2488 μεμνημένοτ
981 2412 1088 2490 Ζημῐαε
1104 2413 1153 2475 καὶ
1168 2432 1263 2476 κατα-

125 2515 260 2592 εχόντοε
285 2512 411 2576 πάθον(
433 2513 491 2590 τὴν
515 2511 741 2593 οἰκουμένηνθ).
772 2511 859 2576 Mors
882 2513 1076 2577 describitur
1100 2535 1147 2598 cp.
1166 2519 1216 2580 7‘9.

215 2613 423 2693 ''Eamoodssl
447 2633 494 2696 ep.
512 2613 582 2692 sol:
613 2613 758 2696 undique
786 2620 819 2678 et
842 2613 1037 2681 Christianos
1067 2625 1098 2682 et
1124 2619 1261 2684 Iudaeos

123 2723 154 2780 et
181 2734 331 2801 paganos
362 2717 561 2795 convenisse,
592 2720 627 2777 ut
653 2721 800 2780 sanetum
827 2716 990 2798 viderent3
1015 2723 1111 2802 atque
1141 2725 1262 2786 tantam

121 2820 225 2885 baisse
243 2819 463 2903 spectantium
479 2819 610 2901 copiam,
634 2823 671 2880 ut
692 2819 841 2882 nonnulli
864 2823 1150 2904 comprimerentur
1165 2829 1260 2906 atque

123 2922 417 3003 contunderentur,
443 2922 499 3003 qui
516 2941 536 2984 a
555 2921 838 2986 circumstantibus
854 2921 938 2986 beati
954 2924 1127 3007 praedicati
1144 2932 1259 3009 essent,

122 3043 198 3090 eum
222 3032 262 3090 ut
283 3025 408 3103 θύματα
427 3023 573 3104 ἐπιτάφια
591 3028 716 3087 mortuo
737 3021 831 3088 oblati
851 3043 921 3090 esse
940 3025 1127 3090 viderentur
1146 3034 1260 3094 etune

123 3147 198 3193 cum
221 3130 284 3193 illo
309 3127 436 3210 gaudiis
460 3127 652 3190 caelestibus
675 3128 867 3192 fruerentur.

212 3235 375 3310 θρῆνον
394 3230 488 3313 plane
507 3231 601 3294 reicit
613 3235 719 3295 orator
735 3251 782 3314 ep.
796 3229 854 3295 80:
872 3229 913 3296 Se
925 3251 995 3297 esse
1006 3233 1257 3317 semimortuum,

121 3337 244 3420 quippe
272 3335 331 3416 qui
358 3331 397 3396 ab
422 3331 519 3396 altera
541 3334 593 3396 sui
616 3339 706 3416 parte
726 3331 845 3398 Basilio
864 3340 990 3399 mortuo
1014 3340 1178 3418 separatus
1201 3339 1256 3418 sit3

215 3528 234 3598 ¹)
257 3528 291 3580 In
312 3524 572 3593 comparationibus
591 3530 717 3579 oratores
737 3524 888 3579 Christiani
907 3541 957 3594 pro
977 3524 1155 3592 antiquorum
1172 3525 1258 3580 Grae·

119 3629 217 3667 eorum
231 3609 353 3680 regibus
366 3607 499 3662 heroibus
511 3609 630 3664 ducibus
643 3627 710 3664 suos
723 3610 897 3678 patriarchas
911 3613 938 3664 et
952 3611 1094 3678 apostolos
1104 3616 1257 3678 posuerunt

119 3699 216 3768 (Walz‚
237 3697 313 3751 rhet.
333 3709 427 3764 graec.
448 3695 562 3764 111599,
584 3695 635 3764 19).

211 3783 233 3852 ²)
254 3779 395 3836 Libanius
414 3779 444 3832 in
464 3780 584 3849 epitaph.
605 3781 886 3849 interamnanam
907 3782 997 3847 εμέχρι
1012 3782 1062 3845 μὲν
1076 3780 1128 3833 οὖν
1141 3781 1255 3834 τούτων

119 3869 228 3922 ἐκεῖνό(
241 3884 277 3921 τε
290 3870 381 3920 νικῶν
395 3864 496 3931 ἐχώρει
509 3865 553 3918 καὶ
567 3866 630 3931 ἐμοὶ
643 3867 732 3930 λέγειν
747 3865 810 3934 ἡδὺ,
828 3868 862 3919 τὸ
880 3868 912 3919 δὲ
930 3867 1113 3920 ἐντεῦθεν...
1133 3866 1178 3931 ἐφ’
1192 3864 1255 3919 οἷον
1278 3859 1280 3862 ’

118 3957 234 4022 ἄγωμαι
256 3954 349 4018 λόγον
370 3951 503 4015 βοθλεεθε
516 3953 628 4019 erratu?
647 3955 675 4006 et
693 3950 795 4005 transit
814 3952 850 4006 ad
869 3954 987 4006 mortem
1006 3950 1203 4005 enarrandam.
1224 3951 1255 4004 ln

119 4039 219 4094 eodem
245 4039 387 4093 contextu
411 4035 510 4088 eadem
533 4035 673 4090 sententia
696 4034 839 4089 invenitur
861 4037 892 4091 in
911 4036 1036 4105 Gregorii
1055 4035 1175 4105 Nysseni
1197 4035 1255 4104 epi-

118 4125 216 4193 taphio
230 4125 262 4178 in
272 4119 421 4176 Meletium
434 4118 578 4187 (Mignel6
590 4137 634 4190 μμ.
644 4120 698 4175 860
707 4119 756 4187 Α);
771 4122 811 4174 ὼε
824 4124 894 4176 καλὰ
908 4122 987 4189 μεχρὶ
996 4121 1101 4175 τούτου
1112 4121 1148 4172 τὰ
1156 4120 1254 4186 διηγή-

120 4226 202 4278 ματα,
224 4210 267 4262 ὼε
287 4204 433 4272 μακάριον
452 4202 487 4268 ἦν
507 4204 620 4263 rotator<
640 4206 810 4270 ἐναπολῆξαι
828 4207 880 4258 τὸν
899 4205 1003 4269 λόγον’.

210 4294 232 4363 ³)
252 4287 420 4346 Notandum
445 4292 488 4341 est
511 4289 675 4360 Gregorium
699 4305 829 4358 pompam
852 4290 1005 4359 funebrem,
1032 4306 1201 4360 quamquam
1228 4289 1253 4343 ei

118 4395 175 4433 non
194 4377 337 4444 interfuit,
357 4378 454 4428 tamen
473 4377 685 4430 accuratissime
705 4373 873 4428 describere.

1113 4482 1146 4534 5*
