3228 5268
19 4571 182 4912 λ.

356 479 397 543 16
790 484 900 538 Xaver
918 484 1041 551 Hiirth,

258 688 259 692 ¹
354 657 395 722 II.
420 655 538 720 Laus:

411 761 439 823 1.
464 759 623 821 bonorum
646 761 855 821 externorum

463 861 492 943 a)
516 861 701 934 γενεαλογία

518 964 772 1044 ----ο

410 1070 440 1131 2.
463 1068 621 1131 bonorum
645 1067 744 1130 animi

463 1177 492 1252 a)
518 1171 631 1234 curbo(
654 1171 807 1252 (εώφρων
832 1173 881 1233 καὶ
904 1170 1041 1252 tormer)
1129 1188 1131 1192 ’

462 1273 495 1356 b)
516 1273 641 1337 νεανίου
665 1273 762 1355 (ἔργα,
785 1273 913 1355 τρόποε,
937 1271 1174 1353 ἐπιτηδεύματα)

465 1377 494 1459 c)
519 1375 639 1460 ἀνδρὸς
658 1375 856 1458 (δικαιοαίνη,
881 1376 986 1456 εοφία,
1011 1375 1132 1456 ἀνδρία,
1158 1395 1240 1457 quae
1256 1376 1395 1441 virtutes
1416 1398 1488 1441 cum

516 1478 610 1540 factis
634 1477 876 1560 coniungendae
900 1479 994 1559 sunt).

410 1585 439 1646 3.
463 1583 646 1655 παλιλλογία

356 1687 412 1750 ΙΠ.
437 1686 639 1770 Epilogus:
664 1689 774 1762 γνώμη
798 1687 848 1748 καὶ
872 1684 1043 1763 ἐνθύμημα.

447 1790 546 1854 Cuius
575 1787 804 1872 dispositionis,
841 1789 869 1852 si
900 1788 1044 1870 singulos
1081 1789 1202 1853 τόπου(
1237 1790 1487 1874 consideramus

356 1894 600 1973 Anaximenem,
629 1897 823 1974 quamquam
854 1890 1005 1955 Isocratis
1034 1891 1202 1975 ‘Euagora’
1230 1893 1354 1976 nititur,
1382 1901 1487 1959 tamen

354 2017 421 2062 non
444 2016 547 2080 pauca
569 1995 742 2059 mutavisse
766 1996 822 2056 aut
845 1994 1091 2077 amplificavisse
1115 1995 1269 2060 videmus.
1306 1997 1487 2081 Utrumque

357 2101 442 2164 enim
466 2101 655 2182 scriptorem
679 2103 711 2162 et
732 2099 768 2160 in
789 2098 979 2162 definitione
1002 2100 1224 2163 laudationum
1249 2104 1434 2166 consentire
1457 2109 1488 2167 et

356 2222 469 2268 vocem
484 2204 688 2277 γενεαλογίαν
711 2200 825 2265 eodem
841 2219 939 2264 sensu
958 2221 1114 2286 usurpare
1138 2204 1203 2266 iam
1218 2204 1487 2287 Wendlandius2)

357 2306 604 2384 demonstravit,
624 2303 740 2368 deinde
764 2303 882 2366 omittit
900 2306 1036 2386 uterque
1051 2306 1172 2369 τόπου(
1186 2308 1338 2380 γενὲεεωε
1363 2310 1395 2372 et
1418 2330 1486 2372 παι·
1593 2379 1594 2392 J

356 2411 457 2490 δείαε;
489 2412 573 2489 tum,
603 2410 640 2469 ut
663 2406 749 2489 apud
771 2407 958 2490 Isocratem,
988 2409 1033 2472 ita
1064 2408 1148 2492 apud
1176 2410 1314 2474 alterum
1342 2421 1408 2476 tres
1432 2413 1487 2477 Sc·
1593 2403 1594 2476 ί

357 2513 494 2576 creticae
516 2510 590 2574 iliae
613 2509 750 2573 virtutes
774 2510 911 2590 ἀνδρεία,
936 2512 1045 2593 cocu,
1070 2513 1246 2590 δικαιοεύνη
1272 2515 1369 2577 aetati
1394 2516 1486 2598 virili,
1593 2515 1594 2586 I

356 2613 563 2694 connection,
599 2631 681 2694 quae
712 2613 747 2674 in
781 2615 1022 2678 enumeratione
1055 2615 1211 2679 virtutmn
1243 2617 1335 2680 initio
1370 2639 1419 2702 cp.
1445 2621 1485 2682 35

356 2720 511 2780 tractatus
523 2715 737 2779 Anaximenci
749 2737 814 2780 non
831 2721 943 2798 exstat,
954 2719 1112 2801 pucritiae
1125 2718 1331 2798 adscribitur3
1347 2720 1487 2803 denique
1593 2705 1594 2762 ί

356 2821 505 2902 repetitio
528 2819 584 2882 illa
599 2821 756 2882 virtutum
774 2821 827 2883 vel
842 2819 1010 2898 factorum,
1030 2840 1127 2902 quam
1143 2822 1364 2886 Anaximenes
1380 2827 1487 2888 παλιλ-
1593 2915 1594 2920 J

449 2961 470 3030 ¹)
489 2962 576 3015 Recte
589 2961 647 3015 iam
660 2960 830 3029 Sauppius
843 2960 987 3030 (philolog.
998 2963 1045 3016 XV
1055 2961 1117 3031 631)
1126 2962 1258 3016 lacunam
1268 2963 1322 3018 hoc
1333 2964 1397 3018 loco
1408 2964 1487 3019 hiare
1507 2947 1509 2952 ’

357 3045 464 3112 statuit,
490 3062 554 3100 cum
580 3049 674 3100 cetera
699 3045 774 3099 bona
796 3048 913 3100 externa
935 3046 1040 3116 (ῥώμη,
1065 3048 1174 3115 καλλοε,
1196 3048 1337 3117 πλοῦτος),
1364 3065 1435 3117 quas
1458 3049 1488 3102 in

357 3130 508 3198 partitione
527 3131 665 3185 bonorum
685 3130 799 3199 protulit
818 3131 1016 3199 Anaximenes,
1035 3132 1065 3186 in
1085 3132 1267 3201 dispositione
1286 3149 1345 3187 non
1365 3150 1487 3188 comme-
1593 3157 1594 3162 ¹

357 3219 508 3270 morentur.

446 3302 468 3372 ²)
488 3303 568 3368 ‘perd
588 3303 619 3354 δὲ
636 3303 670 3354 τὸ
695 3300 850 3367 προοίμιον
874 3304 916 3354 δεῖ
935 3302 1101 3367 διελόμενον
1119 3305 1155 3356 τὰ
1174 3304 1227 3357 ἔξω
1247 3306 1298 3368 τῆ(
1318 3305 1424 3370 ἀρετῆς
1443 3304 1486 3357 καί
1593 3277 1594 3348 J

355 3389 392 3442 τὰ
412 3389 442 3440 ἐν
465 3389 535 3456 αὐτῇ
555 3393 589 3456 τῇ
616 3388 701 3455 ἀρετῇ
723 3387 793 3439 ὄντα
811 3390 903 3440 ποιεῖν
923 3387 1033 3440 οὕτωε·
1057 3389 1092 3440 τὰ
1113 3389 1162 3453 μὲν
1183 3389 1235 3443 ἔξω
1255 3391 1306 3454 τῆ(
1326 3389 1430 3456 ἀρετῆε
1450 3389 1486 3443 εἰ(

358 3475 501 3538 εὐγένειαν
520 3472 565 3526 καί
585 3472 688 3538 ῥώμην
707 3471 751 3524 καὶ
770 3473 872 3525 κάλλοε
891 3471 936 3526 καί
950 3476 1085 3542 πλοῦτον,
1104 3474 1158 3540 τὴν
1171 3475 1195 3526 δ’
1208 3475 1313 3541 ἀρετὴν
1328 3474 1367 3528 εἰ(
1383 3474 1486 3542 εοφίαν
1593 3503 1594 3506 ¹

358 3559 403 3612 καὶ
422 3558 600 3624 δικαιοεύνην
619 3557 665 3610 καὶ
684 3557 817 3623 ἀνδρείαν
836 3557 881 3610 καί
905 3558 1113 3624 ἐπιτηδεύματα
1132 3560 1239 3614 ἔνδοξα,
1268 3559 1384 3613 τούτων
1403 3561 1487 3614 δὲτὰ

360 3645 411 3709 μὲν
429 3647 480 3708 τῆε
499 3645 602 3708 ἀρετῆε
621 3641 736 3695 δικαίαιε
756 3643 964 3713 ἐγκωμιάζεται,
989 3644 1024 3695 τὰ
1043 3644 1066 3696 δ’
1083 3644 1137 3699 ἔξω
1157 3645 1320 3697 κλέπτεται·
1344 3647 1414 3698 τοὺ(
1432 3647 1485 3712 γὰρ

358 3728 489 3794 ίεχυροὺτ
512 3727 557 3780 καί
579 3729 647 3781 τοὺς
671 3729 774 3781 καλοὺε
797 3726 843 3781 καί
863 3729 932 3781 τοὺς
957 3729 1078 3792 εὺγενεῑε
1101 3729 1146 3782 καί
1168 3730 1236 3782 τοὺ(
1260 3730 1413 3784 πλουείοοε
1436 3731 1487 3783 οὐκ
1593 3725 1594 3728 ’

360 3815 491 3882 ἐπαινεῖν,
521 3814 590 3866 ἀλλὰ
621 3813 779 3880 μακαρίζειν
805 3815 947 3880 προεήκει.
978 3819 1068 3867 ταῦτα
1099 3815 1134 3881 δὴ
1164 3817 1391 3880 διαλογιεοίμενοι
1422 3817 1485 3870 κτλ’.
1593 3861 1594 3882 ,

358 3900 436 3954 Haec
448 3899 535 3952 verba
544 3899 575 3952 in
587 3898 747 3967 proecthesi
760 3898 935 3953 auditoribus
949 3899 1118 3967 proferenda
1131 3917 1193 3954 esse
1206 3900 1397 3955 Anaximenes
1410 3902 1485 3955 nullo
1593 3943 1594 3946 ,

359 3988 443 4053 pacto
457 3983 550 4037 dicere
564 3984 660 4051 voluit,
674 3999 758 4051 qnam
770 3983 1030 4052 interpretationem
1048 3985 1105 4038 loci
1118 3985 1321 4040 Wendlandins
1339 3987 1486 4041 admittere
1593 3979 1594 4066 J

359 4069 479 4136 videtur,
500 4084 564 4121 cum
588 4068 655 4122 dicit
673 4069 700 4138 (l.
715 4083 739 4120 c.
753 4085 795 4136 pg.
809 4068 884 4137 533):
909 4067 959 4122 ‘Ob
984 4069 1033 4122 der
1055 4069 1168 4123 Redner
1192 4070 1237 4124 die
1262 4069 1393 4136 διαίρεειε
1417 4072 1484 4125 still·
1593 4101 1594 4118 ι

360 4153 538 4221 schweigend
562 4153 611 4206 der
633 4153 783 4222 folgenden
801 4154 928 4207 Lohrede
947 4155 1089 4222 zugrunde
1108 4156 1190 4224 legen
1210 4156 1278 4210 oder
1300 4156 1391 4210 sicin
1411 4156 1486 4210 einer
1593 4167 1594 4214 ί

360 4238 525 4304 προέκθεειε
543 4238 598 4292 den
616 4238 726 4291 Ho'rern
744 4237 877 4306 vorlegen
899 4239 960 4306 soll,
980 4239 1090 4292 scheint
1109 4240 1299 4294 Anaximenes
1319 4241 1486 4295 absiehtlich
1593 4251 1594 4282 ι

360 4323 391 4376 in
415 4323 463 4377 der
488 4323 622 4377 Schwebe
647 4340 682 4376 zu
708 4323 828 4390 lassen’3
858 4339 896 4376 an
923 4327 1054 4391 putamus
1078 4328 1219 4378 oratorem
1245 4325 1319 4393 apud
1344 4326 1484 4380 auditores
1593 4317 1594 4368 ί

363 4423 464 4461 ausum
483 4424 546 4462 esse
565 4408 659 4462 dicere
681 4408 757 4461 hona
771 4412 887 4462 externa
902 4409 962 4463 iure
976 4425 1035 4462 non
1048 4409 1159 4463 laudari
1180 4409 1225 4478 (τὰ
1239 4410 1293 4464 ἔξω
1309 4410 1484 4479 attracted?
