3228 5268
359 477 403 539 42
798 483 909 539 Xaver
926 483 1046 552 Hiirth,

361 653 546 737 adiungitur
555 657 577 738 ¹)
600 655 792 738 proprioque
816 655 948 719 exordio
969 661 1080 719 ornata
1095 660 1160 736 est;
1185 655 1263 720 dicit
1279 656 1367 720 enim
1383 662 1487 721 orator

361 757 512 839 optimam
536 757 785 821 consolationem
809 776 879 821 eam
902 776 979 840 esse,
1003 777 1086 841 quae
1110 759 1227 837 abiis,
1251 760 1308 842 qui
1331 759 1396 842 ipsi
1419 779 1487 843 par-

359 862 473 945 ticipes
492 861 556 925 sint
573 862 688 945 luctus,
712 864 898 946 porrigatur.
934 863 975 928 Se
995 883 1096 947 paene
1115 861 1246 946 pudere,
1271 861 1358 944 quod
1375 862 1488 926 audeat

360 984 415 1030 eos
439 966 603 1048 consolari,
628 986 765 1049 quorum
789 968 966 1030 constantia
988 971 1085 1049 atquo
1108 966 1261 1049 patientia
1283 965 1320 1028 in
1344 966 1487 1029 omnium

362 1086 416 1131 ore
431 1069 480 1130 sit.
509 1068 543 1132 Si
558 1088 635 1132 vero
655 1069 744 1132 dolor
760 1087 872 1132 eorum
888 1072 1029 1132 mentem
1045 1071 1141 1150 atque
1160 1067 1317 1130 rationem
1337 1067 1486 1131 obscura-

360 1170 450 1252 verit,
464 1170 709 1234 consolationem
726 1171 885 1254 accipiant
895 1174 1044 1253 parentes
1057 1175 1089 1234 et
1099 1172 1274 1252 ignoscant
1292 1170 1380 1253 quod
1392 1189 1488 1234 ausus

360 1272 402 1334 sit
418 1290 472 1335 eos
487 1273 652 1336 consolari.
683 1274 752 1336 Iam
767 1273 941 1337 consolatio
957 1273 1027 1356 ipsa
1047 1275 1206 1355 sequitur:
1223 1273 1332 1336 Vitam
1347 1279 1487 1338 nostram

361 1393 431 1439 esse
446 1374 576 1440 brevem
588 1377 647 1460 (cp.
660 1378 742 1460 18)²)
759 1382 792 1441 et
807 1397 870 1460 quo
883 1377 972 1460 prius
988 1396 1027 1440 ea
1040 1377 1289 1459 discesserimus,
1301 1397 1338 1442 eo
1352 1377 1488 1441 celerius

361 1478 511 1542 omnibus
525 1480 617 1542 malis
630 1499 690 1544 nos
699 1485 868 1544 vacaturos
881 1499 966 1559 essa3
981 1500 1054 1544 nam
1068 1481 1175 1544 omnia
1185 1500 1266 1544 vana
1275 1499 1344 1545 esse
1359 1481 1488 1563 (cp20).

362 1581 468 1659 Quare
494 1583 577 1646 rivis
605 1583 789 1648 Caesarium
812 1584 1013 1667 querendum
1035 1603 1101 1647 uon
1128 1603 1211 1665 esse,
1240 1583 1297 1667 qui
1324 1584 1375 1647 his
1399 1584 1490 1647 malis

360 1685 513 1749 hberatus
529 1687 578 1768 sit,
594 1686 649 1750 sed
666 1706 720 1751 eos
737 1689 793 1770 qui
804 1689 993 1770 superstites
1009 1688 1112 1770 sinte.
1136 1687 1183 1751 Ut
1198 1686 1346 1750 omnibus
1363 1688 1490 1771 gaudiis

361 1790 511 1871 terrenis
547 1808 628 1871 quae
663 1792 869 1855 continentur
903 1790 1086 1873 honoribus,
1125 1791 1257 1873 divitiis,
1297 1791 1489 1874 eloquentia,

361 1893 504 1974 scientia,
519 1894 729 1976 matrimonio
742 1893 885 1974 hberisl)
901 1899 1030 1976 ereptus
1047 1895 1096 1976 sit,
1112 1894 1158 1956 ita
1172 1894 1348 1958 maioribus
1364 1895 1490 1977 gaudiis

362 2015 438 2060 eum
456 2016 544 2060 nunc
561 1997 627 2060 frui
645 1999 680 2060 in
700 1998 794 2061 caelo.
826 1997 909 2060 Nam
924 1998 1049 2061 animos
1064 1998 1232 2079 iustorum,
1252 2017 1327 2061 cum
1351 1997 1490 2062 vinculis

363 2101 504 2183 corporis
520 2105 622 2165 morte
636 2100 764 2165 hberati
779 2102 856 2182 sint,
872 2101 1023 2166 addeum
1039 2101 1214 2185 proficisci,
1235 2121 1331 2184 quem
1349 2104 1491 2165 contem-

361 2203 485 2286 plantes
500 2203 697 2267 mirabihbus
709 2202 926 2287 voluptatibus
938 2202 1042 2282 affici3
1060 2204 1263 2285 animamque
1270 2205 1293 2286 ί)
1309 2204 1404 2286 paulo
1421 2215 1492 2287 post

455 2411 474 2482 ¹)
493 2413 699 2467 Transitionern
718 2413 754 2466 ad
772 2418 881 2482 partem
895 2413 1113 2468 consolatoriam
1125 2430 1162 2468 ne
1176 2412 1263 2468 ceteri
1277 2411 1394 2482 quidem
1411 2428 1491 2481 prae·

361 2497 429 2552 hent
448 2497 583 2567 epitaphii
602 2503 633 2552 ut
652 2498 781 2567 Nysseni,
801 2499 944 2566 Aristidis;
965 2499 998 2552 cl.
1018 2499 1111 2553 Bauer
1129 2498 1146 2551 l.
1162 2514 1185 2551 c.
1205 2514 1249 2567 pg.
1260 2497 1303 2551 51.

453 2584 473 2654 ¹)
493 2583 539 2652 Cp.
552 2585 600 2638 18:
621 2586 698 2638 “ούδέ
717 2586 732 2637 δ
752 2588 807 2637 πᾶς
827 2584 993 2649 ἀνθρώπων
1014 2583 1072 2649 βίος
1094 2583 1207 2650 μακρός,
1228 2583 1268 2635 ῶς
1281 2587 1315 2651 τῇ
1331 2581 1394 2651 θείᾳ
1408 2582 1491 2648 φύςει

363 2667 408 2721 καὶ
432 2668 608 2736 ἀτελευτήτῳ
632 2668 822 2734 παραβαλεῖν.
852 2667 892 2722 Gi.
912 2666 1024 2721 Aristid.
1045 2667 1168 2737 epitaph.
1188 2668 1218 2721 in
1236 2669 1333 2722 Etcon.
1350 2667 1399 2721 17:
1423 2665 1492 2732 βίος

363 2755 395 2807 δέ
413 2758 468 2806 πᾶς
487 2755 644 2820 ἀνθρώπου
666 2755 768 2820 βραχύς
787 2753 832 2806 καί
847 2750 882 2806 ού
896 2756 1006 2806 πολλοῦ
1020 2769 1098 2807 τινος
1113 2755 1189 2808 ἀξιος
1204 2753 1242 2806 είς
1256 2754 1379 2819 ἀριθμού
1395 2752 1492 2825 λόγον,

364 2839 421 2891 ἀλλ’
436 2839 486 2892 ἐάν
498 2855 529 2892 τε
539 2837 754 2905 Ἀργανθὼνιον
772 2838 820 2890 έοίν
833 2853 864 2890 τε
876 2839 1006 2891 Τιθωνὸν
1024 2839 1090 2906 λέγῃ
1109 2855 1158 2907 τις,
1179 2839 1229 2891 ἐιίν
1241 2853 1273 2890 τε
1285 2839 1338 2890 τὸν
1350 2838 1401 2890 τὰς
1413 2842 1492 2904 τρεῖς

362 2924 460 2987 γενεὰς
479 2925 662 2989 διαρκέςαντα
676 2923 802 2989 Νέςτορα
813 2924 866 2975 τὸν
878 2923 997 2990 Πύλιον,
1016 2924 1123 2976 πάντας
1141 2922 1264 2976 τούτους
1281 2923 1349 2976 τοὺς
1367 2924 1493 2989 χρόνους

364 3007 471 3060 ςυνθείς
491 3009 615 3074 εύρήςεις
635 3009 752 3061 ἔλαττον
767 3009 853 3073 μέρος
867 3008 951 3061 ὄντας
962 3012 1015 3060 τού
1028 3009 1136 3061 παντὸς
1149 3007 1287 3074 αίῶνοςῆ
1303 3009 1371 3061 ὅςον
1386 3008 1492 3062 εἰπεῖν’.

454 3093 475 3161 ³)
496 3092 542 3160 Cp.
553 3093 602 3146 20:
622 3093 681 3158 ’Μὴ
695 3091 792 3144 τοίνυν
805 3097 957 3159 πενθῶμεν
972 3093 1127 3163 Καιςιίριον,
1146 3093 1218 3146 οίων
1233 3093 1381 3160 ἀπηλλάγη
1396 3100 1492 3148 κακῶν

365 3177 478 3246 εἰδότες,
499 3178 556 3230 ἀλλ’
571 3177 645 3242 ἡμᾶς
664 3173 776 3246 αὐτούς,
800 3178 871 3231 οίοις
889 3177 1121 3244 ύπελείφθημεν’.
1154 3177 1193 3232 Cf.
1214 3177 1346 3232 Themist.
1368 3177 1492 3248 epitaph.

363 3264 393 3317 in
416 3266 486 3332 patr.
504 3263 554 3332 (or.
568 3262 612 3332 20)
631 3263 723 3331 sloh,
747 3279 777 3316 c:
802 3261 899 3315 “Ἀλλὰ
923 3260 965 3314 ccl
990 3261 1040 3326 μὲν
1065 3260 1201 3325 μακάριός
1224 3276 1256 3313 τε
1280 3259 1325 3314 καί
1348 3256 1493 3326 εὐδαίμων

365 3352 380 3404 δ
395 3351 482 3415 ἀγρὸς
491 3349 537 3403 καί
550 3350 623 3415 πρὸς
636 3347 750 3414 ὀλβίους
760 3349 917 3414 ἀνέδραμε(
932 3347 977 3400 καί
987 3344 1156 3411 εὐδαίμονας
1164 3345 1233 3397 τοὺς
1243 3345 1492 3414 καταπέμψαντος,

364 3437 437 3502 ἡμᾶς
455 3437 487 3489 δέ
506 3436 637 3488 ἀπέλιπες
656 3434 746 3502 ἐντῷ
766 3433 897 3502 ιςλύδωνι,
916 3437 958 3500 τῷ
973 3435 1089 3496 λειμῶνι
1107 3434 1158 3496 τῆς
1169 3426 1267 3497 Ἀτης,
1284 3425 1352 3482 οὐδὲ
1367 3429 1492 3498 ἔχοντας,

365 3522 439 3575 ὅςτις
457 3523 537 3586 χεῖρα
555 3521 631 3589 ἀλλῳ
652 3520 744 3584 ὀρέξει
763 3518 931 3571 ἀνακύπτειν
949 3533 981 3570 τε
1000 3517 1199 3582 πειρωμένους
1212 3514 1257 3568 καί
1270 3514 1409 3568 ἀναδῦναί
1422 3531 1493 3568 ποτε

363 3607 415 3670 τῆς
434 3603 511 3658 ἰλύος
530 3604 575 3658 καί
593 3608 645 3657 τού
667 3602 830 3668 βορβόρουῖ

455 3690 478 3760 ⁴)
498 3688 537 3743 cf.
558 3706 630 3759 quae
643 3687 917 3757 Pseudo-Dionysius
936 3687 966 3740 in
985 3688 1107 3741 tractatu
1120 3683 1187 3750 περὶ
1200 3681 1362 3749 ἐπιταφίων
1376 3681 1412 3736 de
1427 3698 1493 3737 con·

365 3774 502 3827 solatione
516 3772 683 3842 praescribit
694 3773 787 3826 Us.·R.
800 3773 823 3825 ll
837 3772 860 3838 1,
876 3772 942 3826 283:
963 3772 1003 3824 “ἐν
1020 3768 1116 3838 τούτῳ
1130 3767 1318 3834 παρατιθέναι
1331 3768 1491 3834 ἀναγκαῖον,

365 3860 456 3914 δπόςα
476 3861 506 3912 έν
525 3860 697 3925 πανηγύρεςι
715 3856 832 3926 τερπνά,
852 3857 903 3909 ilco
923 3856 953 3908 ἐν
969 3854 1080 3922 γάμοις,
1099 3853 1302 3922 παιδοποιίαις,
1321 3856 1416 3919 τιμαῖς
1432 3856 1493 3907 ταῖς

365 3945 444 4010 παρὰ
461 3948 513 4010 τῆς
531 3943 686 4009 πατρίδος’.

456 4030 477 4100 ⁵)
496 4029 535 4084 Cf.
561 4029 797 4097 Pseudo-Dionys
823 4030 841 4083 l.
864 4045 888 4083 c.
914 4045 957 4098 pg.
976 4027 1043 4082 283:
1073 4025 1128 4079 ’ἐπὶ
1153 4027 1226 4080 τέλει
1252 4027 1284 4079 δέ
1309 4024 1376 4091 περί
1400 4029 1492 4091 ψυχῆς

366 4116 518 4178 ἀναγκαῖον
538 4113 634 4181 εἰπεῖν,
657 4114 702 4166 ὅτι
721 4112 862 4167 ἀθάνατος
880 4112 924 4167 καί
944 4115 987 4167 ὅτι
1005 4113 1074 4165 τούς
1091 4110 1241 4164 τοιούτους
1261 4111 1291 4163 ἐν
1312 4112 1389 4164 θεοῖς
1408 4112 1492 4163 ὄντας

366 4201 482 4265 ἀμεινον
496 4198 569 4252 είκός
582 4198 752 4263 ἀπολαβεῖν,
772 4196 900 4252 simther
912 4194 1056 4251 Menandr.
1076 4193 1142 4260 περί
1154 4197 1392 4261 παραμυθητικού
1412 4193 1490 4264 (rhet.

366 4300 405 4352 gr.
419 4284 453 4337 lll
472 4283 533 4351 414,
557 4283 591 4335 22
610 4282 680 4351 Sp.):
703 4283 847 4348 “ςυγγενὴς
869 4284 924 4347 γὰρ
949 4281 1017 4333 ούςα
1039 4285 1091 4333 τού
1117 4280 1195 4334 θείου
1219 4282 1237 4347 ἡ
1263 4281 1339 4347 ψυχὴ
1365 4283 1491 4334 κάκεῖθεν

366 4372 497 4421 κατιούςα
516 4367 627 4420 ςπεύδει
645 4367 729 4419 πάλιν
749 4367 808 4418 ἀνω
828 4366 903 4430 πρὸς
920 4365 954 4417 τὸ
975 4364 1120 4428 ςυγγενές’.
1154 4363 1194 4418 Cf.
1209 4364 1273 4418 Tac.
1288 4363 1379 4432 Agric.
1393 4364 1437 4417 44.
