3270 5250
355 470 396 532 12
787 476 914 530 Rohert
933 476 1051 543 Bloch,
1393 467 1480 553 [274]

351 647 456 726 ἔρωτα
476 649 635 712 (υνουείαε
653 648 829 729 (πάνδημον
846 647 931 730 apud
946 647 1123 726 Platonem)
1140 653 1171 712 et
1192 651 1365 712 cuouhalov
1382 647 1480 724 ἔρωτα

353 751 461 828 φιλία(
483 750 646 832 (οὐράνιον
665 749 750 833 apud
769 749 946 831 Platonem)
966 750 1245 834 distinguebant1).
1258 787 1300 794 —
1319 750 1482 813 Contraria

352 851 392 914 ab
416 852 508 915 initio
533 852 714 916 docuerunt
732 852 892 936 Epicurei,
918 873 992 916 curn
1011 853 1114 931 ἔρωτα
1137 853 1177 916 ad
1201 852 1302 916 solam
1321 853 1481 916 cuvouciav

351 961 497 1038 spectare
514 959 703 1035 statuerent,
724 957 898 1019 hanovere
915 976 1081 1038 nunquam
1097 975 1167 1020 esse
1183 955 1305 1037 utilem,
1322 954 1480 1032 ἀγαπητὸν

353 1061 389 1121 δὲ
411 1059 437 1122 εἰ
460 1060 501 1136 μή
527 1059 707 1140 ἔβλαψενῑ).
742 1060 851 1141 Atque
875 1059 1110 1138 ἀρρενομειξίαν
1139 1058 1177 1121 ab
1204 1059 1246 1121 iis
1273 1056 1481 1138 improbatam

351 1179 423 1225 esse
447 1180 488 1223 ex
512 1160 692 1225 Philodemi
719 1161 789 1225 loco
819 1162 968 1226 evincere
995 1161 1104 1241 licuit;
1133 1180 1241 1242 neque
1270 1161 1380 1222 minus
1403 1158 1482 1221 Stoi-

351 1283 462 1327 corum
484 1265 587 1344 φιλία(
612 1265 715 1341 ἔρωτα
738 1266 928 1346 reiecerunt,
953 1285 1027 1328 cum
1051 1268 1083 1328 et
1104 1265 1273 1328 notionum
1298 1262 1364 1324 vim
1388 1261 1482 1324 tradi-

351 1372 415 1429 tam
435 1373 663 1431 conservarent
671 1369 694 1449 ³)
717 1387 823 1449 neque
843 1386 951 1432 amore
969 1387 1081 1450 puram
1102 1367 1272 1431 amicitiam
1297 1366 1406 1448 appeti
1424 1364 1482 1427 sibi

351 1469 620 1552 persuaderenth.
657 1471 765 1534 Φιλίαν
794 1471 947 1533 nimirum
974 1471 1191 1553 maximopere
1214 1467 1444 1552 praedicabant
1452 1468 1482 1549 ⁵),

351 1572 516 1635 ‘sanctam'
536 1575 686 1650 ἐρωτικὴν
706 1573 820 1654 φιλίαν,
845 1593 941 1654 quam
963 1573 1113 1636 laudibus
1138 1572 1232 1636 effert
1256 1570 1481 1651 Callicratidas

351 1694 515 1756 nunquam
544 1675 871 1758 comprobaveruntr).
892 1713 936 1723 --
956 1675 1028 1739 Hoc
1056 1675 1187 1757 quidem
1214 1675 1283 1757 ipse
1307 1674 1483 1738 Praechter

353 1776 442 1853 vidit,
459 1798 535 1841 cum
551 1778 637 1868 dicat
652 1797 790 1842 amorem
812 1797 886 1842 eum
902 1797 997 1860 quem
1015 1778 1165 1842 defendat
1182 1777 1402 1842 Callicratidas
1415 1795 1482 1840 esse

352 1879 494 1944 Platonis
511 1883 545 1944 et
559 1886 706 1944 veterum
722 1881 901 1944 Stoicorum
911 1883 949 1962 l);
971 1880 1027 1945 sed
1043 1881 1198 1945 Chariclis
1214 1885 1246 1944 et
1262 1879 1482 1943 Callicratidas

350 2024 425 2078 75οο
441 2041 481 2094 sq.
505 2026 718 2080 —Socraticos
738 2043 768 2080 se
787 2027 859 2080 velle
880 2026 1016 2095 appellari
1035 2027 1146 2081 Stoicos
1165 2030 1285 2080 testatur
1304 2026 1482 2080 Philodemus

351 2108 482 2178 (Crdnert
495 2110 530 2164 58
543 2113 595 2164 col.
608 2112 644 2164 XI
656 2128 681 2164 ν.
696 2111 763 2180 3sd);
783 2127 855 2180 quae
875 2111 1066 2166 denominatio
1086 2115 1162 2166 certe
1181 2127 1240 2164 non
1257 2112 1357 2177 solum,
1372 2115 1404 2165 ut
1417 2110 1483 2164 dicit

351 2193 407 2262 ille,
432 2211 450 2247 a
468 2194 591 2262 Diogene
613 2195 779 2250 Antisthene
798 2197 915 2250 Socrate
938 2196 987 2250 sed
1007 2197 1091 2249 etiarn
1112 2197 1148 2250 ab
1166 2196 1346 2250 Academicis
1366 2197 1482 2250 Platone

350 2278 464 2333 Socrate
484 2278 640 2334 derivanda
660 2281 778 2336 videtur.

444 2363 462 2432 ¹)
482 2364 611 2419 Hermias
625 2366 661 2419 ad
675 2366 745 2420 Plat.
766 2365 884 2421 Phaedr.
905 2367 940 2420 76
957 2383 982 2435 p.
996 2367 1039 2434 33,
1054 2367 1088 2420 19
1103 2385 1143 2435 sq.
1164 2367 1323 2433 Couvreur;
1337 2368 1372 2422 cl.
1383 2369 1482 2437 Hirzel,

351 2447 516 2502 Untersuch.
537 2466 572 2502 zu
593 2449 707 2504 Ciceros
726 2451 882 2520 philosoph.
903 2451 980 2505 Schr.
999 2452 1022 2504 ll
1035 2451 1088 2504 392
1099 2469 1139 2520 sq.

441 2532 464 2602 ’λ
482 2534 591 2601 Epicur.
616 2538 686 2588 sent.
706 2536 740 2589 51
761 2535 803 2590 ed.
829 2536 936 2603 Wotke,
961 2536 1049 2591 Wien.
1074 2537 1150 2590 Stud.
1172 2536 1242 2591 1888
1262 2536 1287 2589 X
1308 2537 1374 2604 195;
1399 2539 1481 2592 dere

349 2617 483 2672 universa
502 2618 559 2672 alio
578 2619 641 2673 loco
660 2619 695 2686 (v.
716 2621 844 2689 praelat.)
862 2621 1002 2690 agendum
1021 2622 1080 2674 erit.

440 2701 461 2772 ³)
480 2703 573 2757 Hirzel
592 2705 609 2757 l.
629 2705 680 2758 391
691 2721 731 2773 sq.

440 2787 462 2857 ί)
483 2787 524 2841 cf.
545 2788 630 2842 etiarn
650 2789 777 2844 Colotem
795 2791 830 2860 in
854 2791 922 2845 Plat.
942 2791 1106 2860 Euthydem.
1131 2791 1261 2861 (Crdnert
1282 2791 1334 2847 169
1354 2792 1407 2845 col.
1424 2791 1481 2846 XVI

349 2887 374 2924 v.
393 2871 478 2940 Asq.;
510 2871 628 2927 Crdnert
648 2874 709 2944 170)
734 2876 787 2930 etsi
806 2892 864 2929 non
882 2878 1001 2930 multum
1021 2881 1111 2942 extat;
1140 2893 1166 2930 v.
1186 2876 1243 2930 ind.
1262 2894 1289 2930 ν,
1311 2876 1480 2945 Chrysippos

349 2953 467 3010 Crdnert
487 2956 538 3010 188
549 2975 589 3026 sq.
609 2959 692 3012 Plura
711 2960 787 3013 haud
806 2961 889 3015 dubie
905 2961 1035 3028 sciemus,
1054 2961 1078 3014 si
1089 2961 1205 3015 Crdnert
1218 2960 1324 3029 (35,1ss)
1336 2976 1401 3029 pap.
1415 2961 1480 3014 Her·

349 3042 403 3096 cul.
424 3042 502 3111 1384,
523 3043 552 3097 in
572 3059 627 3113 qua
646 3046 801 3100 Philodemi
821 3046 886 3113 περὶ
906 3049 1015 3112 ἔροιτο(
1033 3047 1104 3100 liber
1121 3045 1273 3115 inscriptus
1287 3051 1339 3114 est,
1354 3046 1479 3102 ediderit.

349 3157 382 3165 —
410 3127 476 3196 Pap.
500 3129 610 3182 Hercul.
639 3130 709 3184 1040
734 3132 914 3186 continentur
939 3133 1085 3202 relliquiae
1104 3132 1179 3187 vitae
1202 3132 1373 3200 philosophi,
1398 3147 1479 3199 quem

349 3211 467 3265 Crlinert
480 3213 514 3266 97
525 3230 565 3281 sq.
577 3214 743 3283 Epicureum
754 3233 816 3271 esse
827 3217 941 3272 iudicat.
951 3219 1026 3272 Haec
1037 3219 1200 3272 coniectura
1210 3222 1303 3271 utrum
1314 3217 1382 3272 ferri
1392 3217 1479 3285 possit

348 3313 448 3365 necne,
460 3299 516 3352 alio
526 3300 589 3353 loco
600 3301 759 3356 videbimus
770 3303 806 3373 (p.
815 3305 857 3371 36,
868 3305 892 3375 ν)
901 3323 906 3371 ;
915 3305 962 3359 hic
973 3309 1082 3359 tantum
1093 3304 1258 3372 monuerim,
1270 3304 1298 3357 id
1309 3304 1385 3372 quod
1396 3303 1478 3357 etiam

349 3383 394 3435 vir
403 3383 502 3437 doctus
513 3385 547 3439 99
558 3388 688 3454 respexit,
702 3388 789 3441 libelli
804 3394 957 3456 auctorem,
972 3391 1019 3458 qui
1030 3389 1188 3459 philosophi
1201 3389 1305 3444 morlui
1320 3390 1440 3456 ἐραετὴν
1450 3404 1478 3441 se

350 3468 487 3536 nominat,
499 3469 559 3522 eius
571 3469 655 3536 φίλον
665 3472 764 3540 luisse;
776 3475 810 3527 cl.
821 3475 890 3529 Plut.
902 3476 977 3530 Brut.
989 3477 1024 3529 34
1035 3477 1153 3542 Mdpxoc
1162 3477 1194 3528 δέ
1206 3475 1347 3541 Φαώνιος,
1363 3473 1478 3541 έραετήε

347 3555 476 3616 γεγονὼ(
497 3555 630 3609 Κάτωνος
648 3561 704 3610 κτλ.
719 3560 848 3628 -Apud
867 3560 1020 3615 Philodem.
1035 3560 1070 3615 de
1082 3560 1180 3614 music.
1200 3560 1235 3614 IV
1249 3561 1284 3615 13
1297 3577 1338 3629 sq.
1352 3577 1379 3629 p.
1394 3558 1428 3613 78
1438 3575 1476 3627 sq.

350 3636 456 3691 Kemke
466 3638 664 3707 Epicureorum
675 3643 741 3708 περὶ
751 3645 861 3710 ἔρωτος
874 3649 986 3700 exstare
999 3645 1134 3700 iudicium
1145 3646 1292 3714 copiosum
1302 3648 1404 3714 postea
1413 3644 1476 3697 vidi.

439 3722 460 3791 ⁵)
480 3725 520 3776 Ex
539 3725 663 3780 Luciano
683 3729 716 3782 cl.
732 3745 754 3781 e.
769 3747 792 3798 g.
812 3731 889 3784 Alex.
904 3731 947 3785 61.

438 3807 459 3875 ⁶)
477 3808 632 3865 Rhetorum
658 3815 856 3869 accusationes
887 3817 985 3884 quales
1016 3818 1091 3886 apud
1118 3817 1274 3871 Himerium
1305 3816 1366 3886 (ecl.
1392 3818 1427 3871 Ill
1448 3819 1475 3880 7;

347 3890 598 3963 Praechter149,1)
618 3898 755 3964 leguntur,
772 3899 802 3952 in
816 3905 912 3954 nostro
927 3902 1021 3955 libello
1039 3903 1199 3956 incensum
1212 3918 1271 3956 non
1283 3903 1409 3969 veniunt,
1424 3918 1475 3970 quo

346 3980 409 4029 uter
432 3993 511 4031 amor
534 3981 735 4046 praeferendus
759 3984 795 4038 sit
814 3985 987 4054 disputatur;
1008 3986 1076 4040 talia
1095 3987 1171 4040 haud
1191 3986 1275 4040 dubie
1296 4003 1331 4040 ex
1351 3986 1474 4056 epistulis

346 4061 491 4129 Epicureis
510 4063 581 4116 fictis
595 4066 640 4118 vel
656 4066 832 4136 interpolatis
846 4069 975 4138 (Crdnert
994 4071 1029 4124 20
1039 4071 1089 4141 sq.)
1107 4072 1235 4139 prolecta
1255 4075 1330 4138 sunt,
1350 4073 1375 4125 si
1394 4072 1474 4125 modo

346 4146 518 4200 testimoniis
530 4148 665 4203 nituntur.
687 4151 838 4208 Christiani
858 4155 990 4209 nimirum
1010 4160 1037 4210 et
1050 4155 1200 4224 Epicurum
1220 4160 1249 4210 et
1262 4157 1375 4211 Stoicos
1394 4157 1473 4210 huius

348 4229 387 4281 rei
408 4235 559 4298 accusant;
580 4234 613 4286 cl.
633 4235 731 4289 Arnim
744 4238 779 4290 Ill
792 4239 846 4292 750
858 4256 884 4307 p.
899 4239 958 4306 186,
973 4240 1008 4293 28
1016 4258 1056 4309 sq.

437 4313 456 4381 ⁷)
478 4315 616 4371 ‘Veterum
640 4320 807 4376 Stoicorum’
830 4340 888 4377 non
907 4324 964 4377 iam
983 4324 1115 4392 dicemus
1140 4326 1164 4379 si
1188 4344 1261 4395 quae
1285 4329 1372 4384 modo
1393 4347 1472 4398 expo·

346 4395 453 4450 suimu's
473 4400 754 4474 consideraverimus
774 4409 824 4461 sed
842 4409 1052 4476 posteriorum.
1067 4411 1188 4465 Revera
1202 4413 1274 4467 haec
1288 4420 1355 4470 sunt
1369 4415 1471 4470 Stoica:
