3228 5268
317 439 359 493 De
380 438 505 508 Gregorii
523 438 696 522 Nazianzeni
716 439 890 494 orationibus
910 439 1079 496 funebribus.
1238 437 1257 498 9

109 629 145 674 re
170 610 211 674 ab
236 610 309 673 illis
337 609 460 692 differt,
491 609 578 693 quod
601 610 828 689 ἐπιτηδεύματα
855 630 899 675 ax
926 616 1106 695 temporum
1134 615 1259 680 ratione

109 713 278 778 edomata*
298 716 387 776 sunt.

202 817 377 881 Videmus
406 816 492 880 enim
516 819 619 880 totum
641 818 727 882 vitae
755 836 885 881 cursum
905 819 1081 885 Alcibiadis
1109 822 1150 884 ad
1177 826 1259 885 tem-

110 940 231 1005 porum
244 919 402 984 ordinem
416 919 571 1003 digestum
582 922 713 983 narrari.
733 923 841 1002 Atque
852 922 976 986 orditur
988 929 1093 988 orator
1103 944 1258 1008 agenore,

111 1025 267 1106 sequitur
298 1023 400 1106 pueri
422 1024 545 1086 παιδεία
569 1027 601 1086 et
620 1024 790 1106 δοκιμαεία,
815 1029 887 1107 post
906 1045 986 1107 quas
1005 1028 1112 1090 statim
1128 1046 1259 1110 magnas

111 1146 163 1192 res
183 1127 276 1191 bello
297 1126 457 1189 Thracioo
476 1127 610 1208 gesserit
627 1128 657 1210 (ξ
676 1128 737 1210 29).
774 1126 863 1203 Quae
881 1149 954 1212 pars
974 1150 1048 1193 cum
1066 1132 1258 1213 insequenti,

113 1249 197 1311 quae
214 1231 331 1308 γάμον
348 1230 500 1310 continet,
519 1231 637 1293 iterum
652 1232 697 1293 ita
716 1232 931 1314 coniungitur,
948 1240 985 1295 ut
1000 1237 1106 1297 orator
1121 1252 1165 1298 ex
1180 1239 1260 1298 tem·

111 1353 234 1417 pamm
258 1332 392 1396 ratione
416 1349 469 1394 res
493 1333 634 1411 enarret;
659 1333 774 1396 transit
792 1334 878 1396 enim
897 1335 1004 1398 verbis
1029 1338 1105 1418 §31
1126 1338 1204 1414 μετὰ
1223 1340 1261 1401 δὲ

112 1440 235 1515 rubro,
269 1439 305 1499 et
335 1434 450 1498 eadem
477 1433 545 1498 fere
572 1435 769 1498 transitionis
796 1436 900 1500 torma
922 1439 1037 1522 utitur,
1066 1445 1103 1502 ut
1125 1439 1165 1503 ad
1188 1460 1261 1523 pro-

114 1540 242 1602 ximam
275 1542 407 1621 partem
438 1538 615 1619 perveniat,
644 1557 708 1620 qua
731 1539 883 1603 victoriae
914 1541 983 1604 eius
1011 1541 1200 1626 Olympicae
1229 1548 1262 1608 et

113 1643 304 1726 λῃτουργίαι
329 1639 553 1723 proienmtur3
578 1641 657 1705 haec
673 1643 759 1704 enim
777 1643 812 1705 in
831 1643 973 1709 confinio
997 1648 1136 1729 partium
1154 1647 1263 1730 posuit

115 1747 144 1830 (ξ
169 1748 245 1826 32);
283 1746 359 1821 περὶ
387 1745 423 1806 δὲ
445 1745 521 1807 τοὺς
547 1742 665 1808 αὐτοὺς
688 1745 834 1823 χρόνους.
874 1747 952 1811 Post
975 1750 1161 1832 λῃτουργία(
1184 1769 1261 1814 vero

115 1850 357 1933 praedicantur
381 1846 557 1910 Alcibiadis
579 1847 614 1908 in
638 1866 673 1911 re
697 1847 827 1930 publica
845 1869 896 1914 res
915 1857 1031 1934 gestae,
1056 1871 1143 1934 quas,
1167 1857 1204 1914 ut
1226 1853 1262 1914 in

115 1953 184 2018 iine
209 1951 414 2016 laudationis
436 1957 578 2033 poneret,
603 1952 709 2014 orator
731 1970 769 2016 ea
790 1971 826 2016 re
851 1958 1028 2016 commotos
1048 1959 1103 2036 est,
1129 1953 1216 2037 quod
1232 1955 1263 2018 ei

119 2077 219 2122 caiisa
238 2057 359 2120 mortis
377 2054 517 2118 fuerunt.
553 2056 662 2136 Atque
677 2055 758 2118 haec
773 2055 915 2119 laudatio
932 2056 999 2120 sola
1015 2059 1159 2119 omnium
1174 2056 1262 2122 illius

119 2162 235 2224 aetatis
251 2159 481 2223 laudationum
494 2177 564 2222 eam
577 2156 820 2239 dispositionem
832 2159 970 2241 praebet,
984 2164 1020 2222 ut
1031 2159 1121 2223 ordo
1134 2179 1263 2224 rerum
1320 2193 1322 2198 ·

119 2267 162 2330 ad
174 2270 400 2348 temporum
414 2263 600 2325 rationem
615 2262 788 2345 digestus
804 2267 883 2326 tota
896 2265 1069 2327 oratione
1085 2269 1265 2328 servetur

119 2388 248 2452 neque
266 2364 908 2450 praeterhuncaliudprincipium
922 2366 1142 2448 divisionis,
1163 2367 1264 2448 quod

120 2489 324 2550 vocamus,
358 2467 547 2530 adscitum
578 2453 640 2530 sit.¹
676 2466 875 2532 Crediderim
903 2474 1013 2532 autem
1040 2470 1127 2534 huno
1154 2489 1264 2534 rerum

121 2577 269 2640 ordinem
294 2578 395 2654 atque
420 2571 684 2655 compositionem
705 2572 842 2634 formam
866 2573 1121 2655 antiquissimam
1145 2579 1177 2637 et
1200 2576 1264 2657 pri-
1327 2587 1330 2593 '

120 2700 205 2743 mam
220 2698 295 2743 esse
311 2676 495 2739 orationum
504 2675 748 2755 laudativamm,
761 2695 842 2758 quas
852 2677 886 2738 in
896 2676 1014 2740 scholis
1023 2676 1173 2740 Isocratis
1182 2683 1265 2741 trac·

121 2789 203 2847 tatas
214 2802 290 2847 esse
301 2781 362 2842 vix
372 2780 549 2861 negaveris,
562 2778 638 2842 licet
648 2798 753 2842 meras
765 2779 965 2842 laudationes
977 2785 1050 2843 ante
1063 2779 1264 2862 ‘Euagoram’

121 2886 238 2950 litteris
252 2883 463 2965 consignatas
476 2887 532 2945 aut
548 2881 648 2946 editas
664 2901 734 2946 esse
751 2882 919 2962 infitiaris;
937 2902 1011 2945 nam
1028 2883 1214 2966 saepissime
1230 2883 1265 2944 in

122 2989 328 3053 orationibus
341 2985 549 3049 iudicialibus
562 2990 593 3048 et
605 2985 864 3049 demonstrativis
875 2984 1059 3048 laudatione
1072 3003 1152 3067 opus
1164 2985 1265 3048 fuisse

121 3113 218 3157 nemo
250 3089 404 3173 negabit;
436 3108 534 3171 quare
563 3087 713 3171 discipuli
740 3090 774 3149 in
801 3087 865 3150 illis
894 3088 1095 3152 exercitandi
1123 3087 1264 3150 fuerunt.

214 3197 310 3272 Quae
336 3194 363 3256 si
388 3197 475 3255 recte
495 3196 572 3255 sunt
591 3192 758 3275 disputata,
781 3191 877 3255 facile
898 3193 1084 3276 explicatur,
1104 3189 1265 3273 quomodo

123 3300 249 3364 iactum
274 3298 332 3377 sit,
363 3300 399 3357 ut
426 3294 578 3378 epitaphii
602 3294 722 3377 publici
751 3294 906 3358 militibus
930 3295 1064 3359 mortuis
1089 3293 1265 3357 consecrati

123 3404 199 3468 inde
234 3425 254 3466 a
286 3399 466 3463 Menexeni
495 3398 653 3462 Platonici
683 3397 831 3480 exemplo
862 3398 902 3460 ad
932 3402 1125 3461 structuram
1156 3381 1278 3459 lauda?

124 3508 252 3571 donum
278 3505 316 3566 in
340 3502 483 3584 singulos
509 3502 656 3565 homines
679 3502 928 3585 compositarum
950 3499 1267 3564 accommodarentur

125 3627 166 3673 ex
190 3625 300 3690 eaque
320 3603 604 3687 amplificarentur,
627 3603 661 3666 id
685 3603 768 3686 quod
789 3603 852 3665 viri
871 3603 958 3666 docti
977 3602 1082 3665 adhuc
1104 3603 1266 3666 nonsatis

124 3711 314 3796 respexisse
341 3707 423 3770 mihi
446 3707 604 3771 videntur.
646 3707 755 3771 Prima
779 3707 866 3770 enim
893 3707 1006 3770 horum
1030 3706 1267 3790 epitaphiorum

125 3815 233 3880 forma
246 3834 265 3878 e
276 3810 479 3892 Thucydidis
494 3811 547 3875 vel
558 3812 665 3894 potius
678 3830 695 3874 e
708 3809 968 3891 Pseudo-Lysiae
981 3811 1123 3874 oratioue
1136 3808 1266 3874 funebri

126 3919 224 3984 facile
242 3913 422 3995 eruiturq:
447 3934 522 3977 nam
540 3934 613 3998 pars
632 3913 794 3977 laudativa
813 3916 938 3978 constat
954 3933 971 3978 e
987 3913 1082 3978 laude
1100 3914 1265 3994 maiorum,

128 4041 268 4105 quorum
289 4019 380 4082 facta
398 4016 437 4079 ad
456 4023 599 4101 tempora
617 4020 850 4081 enumerantur
868 4021 902 4080 et
919 4036 937 4081 e
955 4016 1050 4081 laude
1066 4021 1267 4079 mortuorum

219 4182 242 4252 1)
262 4179 358 4248 Quam
372 4178 603 4245 compositionem
617 4177 736 4246 Gorgiae
750 4175 1055 4246 epitaphiushabuerit,
1075 4193 1090 4229 e
1104 4174 1267 4245 fragmentis

130 4267 189 4322 aius
208 4264 300 4322 statui
320 4278 381 4317 non
397 4266 497 4330 potest.
514 4264 554 4317 De
568 4262 765 4334 quaeratione
785 4263 819 4316 ci.
839 4264 868 4317 F.
888 4263 1086 4328 Duemmler,
1106 4262 1198 4314 Herm.
1211 4261 1266 4315 vol.

129 4352 225 4408 XXVII
244 4349 341 4422 (1892)
360 4348 475 4418 pg.279.
