3240 5252
332 523 374 586 86
757 530 875 582 Petrus
894 528 987 594 Rem,
1095 609 1099 614 ν
1373 517 1458 606 [246]

328 706 459 766 tissimos
485 709 541 766 out
564 703 795 788 qloriosismmos
820 702 924 784 fuisse.
961 701 1212 783 Nonnumquam
1249 703 1346 765 etium
1370 722 1460 765 eccu-

329 805 421 868 sundi
445 805 578 868 verbum
602 825 676 867 cum
695 804 859 867 infinitivo
885 805 1028 868 construi
1052 804 1141 867 hisce
1161 804 1344 868 ostenditur
1367 804 1458 867 locis:

329 911 424 970 Auct.
444 908 482 970 ud
502 907 576 971 Her.
596 907 637 976 Π,
661 909 720 970 43;
745 913 780 971 ut
802 910 829 970 si
847 911 922 993 quis,
945 929 1014 972 cum
1037 914 1196 971 accusetur
1218 907 1342 971 ambitu
1366 910 1459 992 cnaei-

328 1017 461 1074 stratum
480 1014 598 1094 petisse,
701 1011 795 1088 dicut3
824 1010 895 1073 Tac.
920 1009 1034 1072 Annul.
1055 1009 1110 1090 IV,
1136 1010 1195 1072 22:
1222 1031 1292 1073 moa
1317 1009 1457 1073 Numan-

328 1116 404 1193 tino,
422 1115 517 1197 prior
540 1116 709 1192 numnius,
737 1119 877 1176 accusato
896 1103 1030 1176 iniecisse
1048 1112 1238 1176 carminibus
1260 1119 1289 1176 et
1308 1111 1453 1194 ueneficiis

328 1216 518 1280 vaecordiam
542 1219 666 1295 morde,
690 1218 793 1279 insons
815 1215 986 1292 iudicatum
1017 1213 1137 1278 ibidem
1161 1213 1250 1293 XIV,
1278 1217 1335 1277 18:
1360 1221 1456 1279 motus

327 1325 435 1384 screatu
450 1325 479 1382 et
487 1318 604 1408 Pedius
613 1319 750 1382 Bleedus
764 1318 976 1382 accusantibus
987 1316 1209 1403 Cyrenensibus
1221 1318 1367 1382 uiolatum
1380 1317 1416 1380 ab
1428 1338 1460 1382 eo

328 1423 505 1487 thesaurum
522 1423 706 1506 Aesculapii.
742 1421 811 1484 Nec
830 1426 936 1483 tumen
956 1421 1016 1483 hoc
1036 1419 1178 1484 Oratoris
1198 1420 1269 1483 loco
1289 1419 1460 1483 accusandi

329 1526 462 1588 verbum
479 1525 555 1604 fero,
572 1525 719 1606 quamvis
734 1525 816 1587 bene
829 1529 984 1605 congruat
998 1543 1071 1586 cum
1083 1523 1228 1586 Tulliano
1243 1525 1360 1606 spiritu
1372 1527 1399 1602 ¹).
1423 1523 1459 1584 ln

330 1630 488 1711 exemplis
518 1629 604 1691 enim
636 1628 750 1706 allutiS,
782 1627 977 1708 ubicumque
1006 1648 1150 1691 accusare
1180 1627 1366 1689 translatum
1395 1627 1458 1687 rim

328 1732 433 1811 habet,
453 1734 563 1794 iuncte
582 1737 657 1794 sunt
676 1731 840 1813 complura
859 1730 957 1793 verbu
975 1749 1163 1810 synonyma.
1192 1729 1319 1794 Deinde
1337 1748 1461 1812 semper

330 1837 451 1898 dictum
468 1841 516 1898 cst
531 1836 570 1898 de
588 1835 778 1915 homiuibus
796 1854 972 1915 numquam
989 1835 1027 1897 de
1045 1834 1149 1896 rebus
1173 1833 1254 1896 Tum
1268 1853 1461 1914 quemquam

329 1938 475 2002 nonnulli
492 1939 545 2000 ulii
563 1939 734 2020 scriptores
746 1938 890 2019 Romani,
906 1941 1013 2001 tamen
1027 1937 1139 2000 Cicero
1155 1939 1224 2020 ipse
1239 1937 1271 1999 id
1284 1957 1460 2018 numquam

329 2043 511 2106 construxit
535 2061 607 2104 cmn
632 2042 801 2104 infinitivo.
834 2041 946 2122 Itaque
972 2042 1046 2103 hinc
1070 2044 1217 2123 suspecta
1241 2041 1280 2103 fit
1305 2043 1334 2103 A
1359 2041 1460 2104 lectio.

420 2144 539 2207 Eodem
553 2145 647 2207 modo
665 2163 745 2225 quae
759 2144 890 2207 exhibet
905 2143 931 2206 L
944 2144 1211 2226 contemplemur:
1229 2165 1307 2230 quae
1322 2144 1457 2227 exempla

328 2251 500 2335 seleqissem,
520 2252 582 2312 nisi
599 2250 641 2312 uel
658 2256 728 2313 nata
746 2270 806 2312 esse
823 2248 998 2311 arbitrarer
1015 2248 1057 2311 vel
1070 2267 1157 2331 posse
1172 2247 1281 2330 elicere
1297 2249 1353 2331 qui
1368 2268 1456 2331 quee-

328 2359 438 2416 rercnt.
467 2352 557 2414 Haec
577 2371 705 2433 quomre
727 2352 821 2414 rerba
846 2351 1054 2413 offensionem
1073 2349 1240 2432 quandam,
1262 2369 1456 2431 quamquam

329 2454 414 2518 haud.
434 2456 476 2518 itu
495 2474 633 2537 gravem,
654 2456 731 2516 viris
752 2455 853 2517 doctis
873 2453 1064 2516 obtulerunt.
1090 2455 1281 2516 desummo
1303 2454 1384 2516 iure.
1409 2452 1460 2515 Sic

329 2558 507 2622 subiectum
529 2558 618 2622 deest
637 2558 751 2640 prioris
770 2558 953 2638 accusativi,
974 2557 1029 2638 qui
1050 2555 1175 2636 dicitur,
1196 2575 1269 2618 cum
1289 2555 1458 2618 infinitivo.

328 2662 442 2743 Neque
473 2661 557 2723 enim
588 2661 772 2743 posterioris
803 2658 984 2722 subiectum
1013 2659 1218 2736 desideratur,
1251 2658 1337 2739 quud
1368 2657 1458 2720 facile

329 2766 468 2828 sumitur
484 2783 501 2826 e
517 2764 650 2827 vocibus
667 2783 748 2845 quae
768 2771 843 2826 sunt
861 2766 914 2848 qui
932 2769 1119 2848 quaererent.
1154 2760 1193 2824 Id
1212 2762 1286 2824 fieri
1307 2781 1400 2844 posse
1420 2780 1459 2824 en

328 2870 418 2931 hisce
438 2867 591 2930 discimus
612 2867 783 2948 exemplis:
804 2886 822 2929 e
841 2867 932 2929 Bruti
954 2866 1069 2945 3240:
1090 2865 1402 2929 animaduertendum
1418 2871 1459 2928 est

322 2992 410 3058 posse
427 2992 487 3035 esse
504 2991 637 3034 summos
655 2973 709 3054 qui
722 2973 805 3033 inter
822 2991 852 3033 se
869 2973 932 3032 sint
950 2969 1112 3033 dissimiles
1130 2973 1161 3031 et
1178 2987 1218 3030 ex
1234 2967 1326 3030 Tusc.
1345 2967 1423 3049 disp.
1440 2967 1458 3027 l.

328 3074 384 3154 lV,
403 3075 460 3135 51:
476 3075 620 3156 priuatus
635 3122 642 3134 .
656 3122 682 3134 ..
702 3076 836 3157 quirem
853 3071 1006 3155 publicam
1026 3072 1140 3135 salvam
1157 3091 1217 3135 esse
1233 3071 1317 3134 uellet
1332 3092 1363 3135 se
1379 3072 1460 3154 sequi

329 3180 425 3242 iussit.
439 3176 500 3239 Sed
512 3175 702 3238 difficillime
713 3177 828 3257 prioris
838 3175 1013 3237 accusativi
1024 3194 1098 3236 cum
1107 3173 1268 3236 infinitivo
1280 3174 1459 3237 subiectum

329 3301 371 3344 ex
391 3278 601 3342 antecedente
620 3281 784 3360 sententia,
810 3298 904 3359 quum
924 3280 1048 3356 vocant,
1068 3277 1237 3360 principali
1260 3276 1458 3339 subauditur.

329 3382 458 3447 Addere
482 3384 581 3464 igitur
603 3381 637 3444 id
660 3382 765 3444 malim
791 3387 862 3464 post
880 3402 946 3461 osse,
971 3380 1131 3444 scribens:
1156 3383 1219 3445 nisi
1241 3382 1285 3444 ecl
1309 3388 1382 3445 nata
1401 3401 1459 3444 csse

329 3493 416 3564 <eu>
445 3487 627 3550 arbitrarer.
666 3485 790 3547 Iniuria
819 3491 926 3548 mrtem
954 3484 1231 3566 Heerdegenius²t
1262 3504 1280 3546 a
1312 3484 1458 3546 codicum

329 3591 487 3672 scripture
501 3588 631 3668 recedit,
649 3607 723 3650 oum
739 3587 836 3650 altero
852 3587 923 3650 loco
936 3587 1047 3649 scribit
1058 3588 1188 3673 seliqere,
1206 3586 1281 3668 quia
1293 3587 1456 3670 seleyissem

330 3691 498 3755 antecedit.
522 3692 624 3754 Immo
650 3691 761 3754 Cicero
785 3710 886 3773 pauca
910 3691 1021 3770 selegit
1045 3689 1199 3772 exemplu,
1223 3690 1245 3750 ii
1270 3691 1325 3770 qui
1351 3688 1459 3770 legunt

328 3815 445 3877 magna
468 3814 509 3856 ex
532 3794 737 3857 multitudine
762 3801 897 3876 possunt
921 3812 957 3856 ea
981 3793 1108 3875 eligere.

420 3897 530 3979 Itaque
551 3898 699 3978 quoniam
726 3895 832 3959 necL
854 3915 914 3959 nec
934 3900 962 3958 A
986 3896 1080 3958 lectio
1100 3894 1192 3977 plane
1217 3914 1295 3956 sunu
1319 3914 1390 3957 esse
1414 3894 1458 3954 vi-

330 4001 431 4081 detur,
464 4019 545 4081 quau
574 4003 710 4080 utraque
740 3997 902 4080 iungenda
932 3997 1076 4078 evadunt,
1105 3979 1277 4060 videamus.
1312 3996 1457 4073 Quodn

330 4104 425 4166 hebet
443 4125 575 4188 quaeque
598 4102 684 4166 huud
704 4102 858 4183 consulte,
882 4101 938 4165 sed
959 4120 1065 4165 errore
1086 4097 1271 4183 corruptum
1291 4119 1362 4164 esse
1382 4106 1458 4184 puto

421 4263 440 4328 ¹)
459 4262 498 4315 Gl.
513 4263 591 4317 Bruti
610 4262 625 4332 ᾗ
646 4263 711 4315 123:
732 4268 832 4313 ueteres
851 4264 988 4314 orationes
1004 4268 1066 4327 pest
1085 4267 1194 4314 nostras
1214 4302 1261 4313 ...
1283 4279 1300 4310 a
1316 4262 1458 4328 plerisque

330 4347 386 4413 leyr'
403 4355 468 4400 sunt
486 4350 596 4402 desitae.

422 4433 442 4500 ²)
460 4433 509 4486 Ed.
523 4434 592 4503 prol.
606 4450 668 4502 pag.
682 4433 785 4488 XXVII.
