3228 5268
356 446 398 509 62
794 449 904 504 Xarer
923 449 1042 517 Herm,

355 625 391 687 in
414 624 517 706 patria
539 623 699 705 remansit,
727 621 796 686 Kal.
816 621 882 686 Ian.
904 620 1092 686 Caesaream
1114 619 1276 704 protectus
1305 621 1483 684 orationem

354 727 390 790 in
413 727 549 811 pristina
571 726 647 792 sede
670 725 781 789 Basilii
804 724 894 787 dixit.

444 829 632 893 Obvertcnti
654 847 730 892 vero
754 827 944 910 Gregorium
966 825 1036 890 Kal.
1059 825 1126 890 Ian.
1150 844 1176 888 a.
1201 825 1265 888 382
1294 825 1360 887 iam
1388 825 1483 908 plane

354 932 545 1016 Apollinarii
569 931 712 996 doctrina
738 932 932 994 instructum
959 929 1073 1011 husae,
1102 947 1174 993 cum
1198 926 1259 990 sub
1281 927 1385 991 finem
1408 929 1485 990 anni

355 1036 529 1119 superioris
557 1036 592 1097 in
619 1037 753 1119 patriam
781 1053 932 1099 reversus
955 1053 1025 1098 eam
1048 1031 1199 1114 novisset
1227 1035 1339 1114 parata
1362 1035 1412 1094 est
1433 1049 1483 1094 re-

354 1139 497 1223 sponsio:
518 1137 692 1222 Gregorius
707 1139 776 1221 ipse
792 1138 871 1201 dicit
884 1138 919 1201 in
935 1135 1071 1220 epistula
1089 1133 1226 1216 quadam
1241 1133 1282 1197 ad
1295 1132 1484 1217 Olympium

354 1247 413 1324 (ep.
436 1243 475 1304 77
498 1239 620 1323 Migne)
648 1239 721 1303 data
752 1258 787 1303 se
818 1239 934 1301 initio
963 1256 1045 1301 cum
1082 1237 1286 1302 clementia
1316 1237 1483 1320 Apollina-

352 1345 447 1407 ristas
471 1342 512 1406 ad
533 1343 634 1406 iidem
652 1341 861 1406 orthodoxam
878 1341 1062 1424 pertrahere
1080 1339 1254 1419 studuiss03
1279 1339 1368 1404 unde
1389 1345 1483 1423 patet

353 1467 413 1512 cur
434 1447 468 1509 in
491 1447 552 1510 hac
575 1447 725 1527 oratione,
750 1463 832 1526 quae
859 1446 966 1507 statim
989 1445 1061 1526 post
1085 1445 1268 1527 perceptam
1291 1442 1484 1527 Apollinarii

355 1551 532 1614 doctrinam
548 1549 723 1631 composita
738 1551 795 1629 est
811 1549 893 1611 inre
905 1546 1022 1610 leniter
1037 1550 1069 1608 et
1084 1550 1175 1609 caute
1191 1545 1358 1608 tractanda
1377 1545 1483 1609 verbis

352 1671 483 1739 parcere
506 1652 662 1715 maluerit.

443 1752 541 1836 Ergo
566 1751 687 1816 oratio
712 1750 898 1815 Kalendis
921 1749 1115 1814 Ianuariis
1138 1752 1230 1814 anni
1254 1751 1328 1814 382
1353 1750 1484 1815 habita

285 1869 289 1878 ·
354 1861 390 1920 et
413 1856 526 1919 initio
550 1855 723 1920 eiusdem
747 1855 838 1916 anni
862 1852 965 1917 edita
988 1858 1052 1918 est.

682 2017 710 2078 2.
734 2016 971 2097 Argumentum
994 2013 1153 2078 orationis.

442 2133 663 2206 Exordium:
693 2131 895 2212 Quamquam
918 2130 1146 2194 difficillimum
1170 2130 1211 2194 sit
1239 2151 1314 2195 eum
1342 2131 1482 2215 laudare,

354 2237 447 2300 cuius
464 2237 600 2299 virtutes
624 2255 642 2298 a
661 2234 750 2298 nullo
770 2238 893 2296 oratore
909 2237 982 2316 apte
1003 2232 1165 2317 digneque
1181 2233 1337 2298 celebrari
1351 2236 1482 2318 possint

352 2345 461 2403 tamen
488 2357 522 2402 se
550 2357 664 2400 ausum
688 2355 758 2401 esse
787 2337 848 2399 hac
878 2337 1020 2400 oratione
1048 2337 1118 2400 eius
1148 2338 1266 2400 mortui
1293 2340 1483 2402 memoriam

352 2440 503 2522 recolere,
516 2440 574 2521 qui
587 2441 657 2524 ipse
669 2438 821 2503 facultate
835 2437 960 2502 dicendi
973 2439 1137 2522 praeditus
1149 2438 1290 2521 fuerit¹);
1304 2441 1482 2504 orationem

354 2563 392 2608 ea
415 2562 544 2624 quoque
572 2543 611 2608 de
635 2561 732 2607 causa
755 2540 932 2604 habendam
957 2560 1037 2623 esse,
1065 2542 1150 2623 quod
1178 2544 1303 2605 mortuo
1329 2541 1483 2606 debeatur

353 2651 459 2733 (χρέος
477 2649 593 2714 ἱκανῶς
615 2647 898 2731 ἀφοςιούμενονβ).
922 2645 1118 2709 Auditorum
1140 2662 1218 2708 vero
1241 2663 1316 2729 pars
1340 2647 1482 2709 oratione

355 2752 538 2832 delectetur,
569 2771 643 2834 pars
668 2750 944 2816 adhortationibus
967 2749 1161 2830 stimuletur,
1193 2754 1229 2812 ut
1259 2749 1390 2815 easdem
1419 2753 1482 2814 rir-

353 2859 437 2917 tutes
462 2856 616 2935 consequi
641 2854 819 2936 studeantil
843 2858 903 2938 (cp.
922 2857 962 2935 l).
1002 2852 1126 2930 Quibus
1155 2855 1262 2917 causis
1286 2860 1481 2918 commotum

354 2975 389 3020 se
406 2956 489 3019 hanc
505 2958 680 3020 orationem
695 2957 873 3022 habendam
892 2957 1073 3039 suscepisse
1091 2961 1188 3038 atque
1204 2962 1369 3021 certamen
1384 2959 1482 3021 inisse

354 3077 430 3122 cum
454 3058 495 3121 iis
524 3059 710 3143 oratoribus,
737 3062 793 3142 qui
822 3064 895 3123 ante
923 3079 957 3124 se
980 3058 1137 3122 Basilium
1159 3058 1399 3124 laudationibus
1429 3080 1482 3124 cn-

356 3161 580 3243 ornaverintet,
605 3163 672 3226 sive
695 3162 825 3245 publice
850 3163 918 3226 sive
941 3161 1102 3247 privatim.
1124 3160 1298 3245 Ignoscant
1320 3168 1429 3228 autem
1452 3168 1483 3228 et

446 3305 466 3374 ¹)
485 3303 525 3357 Cf.
545 3307 616 3358 orat.
635 3303 666 3356 in
685 3302 848 3358 Caesarium
866 3319 911 3373 pg.
923 3304 958 3357 37
970 3306 1029 3356 not.
1042 3303 1067 3357 1.

446 3387 466 3456 ²)
486 3387 526 3441 Cf.
546 3404 631 3456 supra
649 3405 692 3457 pg.
706 3388 740 3442 37
753 3393 811 3443 not.
825 3389 849 3442 1.
924 3388 946 3457 8)
965 3387 1004 3442 Cl.
1025 3404 1111 3457 supra
1129 3405 1172 3458 pg.
1184 3388 1228 3444 47.

444 3472 466 3541 ⁴)
486 3471 710 3542 Pseudo-Lysiae
735 3474 856 3543 epitaph.
882 3474 946 3542 52:
972 3474 1062 3538 ‘opor
1086 3473 1145 3527 δ’ὁ
1172 3476 1222 3539 μὲν
1240 3475 1326 3538 λόγος
1353 3493 1401 3541 μοι
1418 3474 1483 3542 περὶ

354 3557 477 3626 τοὺτιον,
497 3559 513 3609 ό
533 3557 557 3610 δ’
573 3558 651 3621 ἀγών
671 3555 705 3611 οὐ
724 3561 798 3624 πρὸς
810 3561 846 3611 τὰ
857 3558 972 3611 τοίπων
988 3560 1066 3628 ἔργα,
1087 3559 1158 3612 ἀλλὰ
1170 3561 1243 3626 πρὸς
1253 3560 1323 3612 τοὺς
1336 3562 1481 3628 πρότερον

356 3642 401 3694 ἐπ’
414 3641 511 3694 αὐτοῖς
524 3641 689 3709 εἰρηκότας.
708 3644 823 3698 Praeter
843 3647 971 3698 nostram
984 3644 1082 3698 Basilii
1095 3645 1287 3700 laudationem
1297 3646 1335 3700 ad
1352 3663 1406 3701 nos
1422 3663 1482 3716 per-

356 3730 494 3780 venerunt
505 3726 666 3795 Ephraemii
685 3731 713 3782 et
725 3728 851 3798 Gregorii
864 3728 987 3798 Nysseui
1006 3729 1142 3797 epitaphii
1160 3729 1191 3783 in
1203 3730 1355 3797 Basiliam
1375 3732 1411 3786 de
1429 3731 1481 3786 hoc

356 3811 499 3880 epitaphio
519 3811 576 3865 alio
594 3812 656 3866 loco
673 3812 820 3883 disseram,
840 3830 904 3868 oum
919 3813 1052 3883 Gregorio
1066 3813 1195 3883 Nysseno
1211 3814 1407 3883 abrogandam
1421 3832 1481 3871 esse

357 3897 527 3951 contendam
536 3895 620 3964 idque
630 3897 693 3951 aliis
704 3898 797 3952 causis
807 3901 963 3952 commotus
974 3913 1059 3966 quam
1069 3914 1111 3967 ea,
1124 3914 1209 3967 quam
1217 3899 1481 3970 Usenerusffleli·

356 3979 1011 4051 gionsgeschichtlicheUntersuchungenL248,
1024 3982 1061 4036 ad
1069 4000 1141 4052 quae
1149 3983 1184 4038 cl.
1193 3983 1479 4056 Tillemont,mem.

357 4066 458 4120 eccles.
476 4067 500 4119 X
517 4064 579 4134 279)
602 4066 778 4135 significavit.
809 4068 957 4121 Multitudo
980 4066 1186 4141 epitaphiorum
1207 4083 1266 4121 non
1288 4070 1371 4125 mira.
1403 4070 1480 4125 Com-

356 4150 484 4219 pluribus
503 4150 653 4218 epitaphiis
668 4152 812 4207 Meletium
831 4167 942 4220 quoque
961 4155 1091 4206 ornatum
1110 4167 1173 4206 esse
1192 4151 1278 4206 tradit
1290 4153 1480 4210 Theodoretus

354 4236 385 4289 H.
399 4237 429 4290 E.
443 4237 509 4291 V8:
529 4235 636 4300 ’ὀλίγου
656 4240 688 4291 δὲ
705 4238 812 4304 χρόνου
832 4238 996 4291 διελθόντος
1015 4239 1031 4290 ό
1053 4239 1103 4303 μὲν
1117 4239 1192 4290 θεῖος
1212 4238 1352 4293 Μελέτιος
1371 4239 1412 4294 είς
1429 4241 1479 4305 τὴν

355 4322 465 4373 ἄλυπον
486 4320 600 4386 μετέςτη
619 4323 698 4388 ζωὴν
720 4324 777 4375 ὑπό
797 4323 915 4376 πάντων
933 4328 994 4375 τῶν
1011 4328 1064 4376 rod
1084 4324 1172 4387 λόγου
1193 4326 1404 4391 μετειληχότων
1422 4329 1480 4380 ταῖς

355 4403 516 4470 ἐπιταφίοις
533 4406 692 4459 ταινιιυθεὶς
710 4403 879 4473 εὐφημίαις’ι
