3240 5258
323 475 365 542 De
386 472 515 543 Gregorii
533 473 707 528 Nazianzeni
725 474 899 529 orationibus
918 474 1090 530 funebribus.
1205 472 1268 534 139

136 645 188 708 oui
207 647 422 710 consentiunt
443 644 562 708 Moeris
580 664 609 727 p.
627 647 668 709 89
693 648 725 709 et
743 646 849 709 Thom.
867 647 1020 729 Magister
1040 669 1070 731 p.
1089 650 1139 730 58,
1162 651 1270 712 tamen

133 751 198 812 ianr
210 750 401 833 Xenophon
419 750 568 813 haovooe
579 769 658 813 usus
674 755 729 831 est,
747 769 843 832 quam
859 752 1060 833 posteriores
1071 752 1269 836 Aristoteles,
1388 754 1394 768 ’

134 852 291 934 Theocrit,
324 853 431 934 LXX,
461 853 596 935 Epictet,
627 852 711 934 Plut,
741 852 864 916 Luoian
894 853 1028 936 saepius.
1064 852 1161 936 Apud
1190 854 1268 918 Gre-

134 957 259 1038 gorium
292 976 375 1020 vero
406 957 542 1039 primum
568 976 632 1018 vox
656 955 804 1019 adiectivi
832 974 966 1020 munere
993 956 1141 1040 fungitur
1164 957 1267 1020 G28:

134 1059 332 1136 ἡβαςίλιςςα
363 1063 430 1121 τῶν
460 1059 587 1137 ἡμερῶν
618 1059 726 1137 ἡμέρα.
761 1059 847 1122 Β73
877 1059 990 1123 tribuit
1018 1060 1091 1123 voci
1121 1060 1267 1123 substan-

133 1161 189 1223 tivi
215 1161 291 1223 vim.

222 1275 255 1336 -Ι-
274 1264 440 1341 ἐνιδρὸω
457 1265 526 1327 τινί
541 1265 568 1327 Β
583 1265 641 1327 66;
660 1264 718 1328 ὅςα
733 1267 812 1328 τινὲς
827 1269 893 1330 τοῖς
910 1267 1004 1330 θείοις
1020 1267 1124 1342 λόγοις
1140 1267 1269 1343 ἐνίδρω-

122 1365 189 1432 'rur
205 1369 449 1451 ‘quaecumque
465 1369 499 1431 in
512 1368 695 1431 divinorum
711 1369 912 1432 oraculorum
925 1369 1149 1452 explanatione
1165 1390 1184 1432 a
1199 1370 1269 1451 qui·

133 1470 269 1534 busdam
281 1470 445 1535 elaborata
457 1472 550 1534 sunt'.
570 1470 754 1554 Xenophon
767 1471 854 1534 solus
866 1490 978 1536 vooern
991 1472 1123 1554 praebet
1135 1491 1269 1554 eamque

133 1593 231 1638 sensu
255 1574 400 1657 proprio,
431 1593 503 1637 curn
529 1574 606 1638 dicit
634 1594 724 1638 conr.
741 1574 774 1638 Π
792 1576 849 1636 18:
881 1580 925 1657 τῷ
949 1577 1036 1639 παιδὶ
1064 1575 1172 1654 ἢρκεςε
1194 1575 1269 1638 τόδε

132 1678 166 1740 τὸ
192 1677 308 1754 οἴκημα
332 1678 506 1754 ἐνιδρῶςαι.

221 1792 255 1855 -Ι-
281 1779 455 1844 ἐντὲλεια
492 1780 673 1863 facultas,
717 1771 844 1844 uirtus
882 1781 1118 1864 perficiendi
1157 1781 1267 1844 Gra:

132 1885 278 1961 πράττειν
298 1884 358 1961 μὲν
379 1883 424 1945 ὡς
447 1883 590 1966 αὐςτηρῷ
615 1886 689 1960 μετὰ
707 1888 762 1960 τῆς
781 1884 980 1965 ἡμερότητος,
1005 1883 1147 1968 ῠφῐεςθαι
1168 1884 1266 1947 δὲὼς
1371 1911 1378 1935 ·

133 1985 285 2067 ἀπράκτῳ
306 1987 359 2047 καὶ
378 1984 441 2060 μετ’
459 1987 616 2049 tractetur.
644 1986 683 2048 In
703 1986 844 2050 editione
860 1987 981 2069 Mignei
999 1987 1039 2049 ad
1060 1987 1147 2050 huno
1161 1987 1268 2049 locum

132 2088 322 2152 adnotatum
337 2092 387 2150 est
397 2087 535 2170 Billiuni,
550 2095 588 2150 ut
601 2091 657 2170 qui
668 2094 808 2152 verteret
818 2089 1036 2170 ‘industriam’,
1048 2090 1223 2166 ἐντρὲχειαν
1233 2090 1268 2151 in

132 2193 196 2255 suis
213 2192 307 2254 libris
323 2190 451 2273 legisse,
469 2191 555 2272 quod
571 2192 721 2273 equidem
737 2211 803 2255 non
819 2193 927 2275 probo,
944 2212 1017 2255 oum
1032 2191 1117 2253 inira
1134 2189 1267 2254 eandem

9 2287 10 2358 i
132 2314 245 2358 vooem
269 2293 386 2357 eadem
408 2293 644 2375 significatione
662 2293 754 2376 Greg.
772 2299 907 2377 usurpet
930 2293 1032 2357 Gar:
1058 2294 1208 2357 ἐντελείας
1232 2295 1269 2356 δὲ

131 2401 178 2460 καὶ
193 2398 269 2474 περὶ
285 2396 322 2459 τὸ
337 2396 496 2473 πρακτέον
509 2397 629 2474 ἀρετῆς.
658 2397 788 2477 Vooem,
807 2413 902 2478 'quam
918 2397 1049 2479 primus,
1067 2395 1153 2476 quod
1169 2396 1268 2458 seiam

130 2498 326 2580 Apollonius
341 2495 382 2559 de
397 2501 510 2560 constr.
527 2517 555 2579 p.
572 2499 644 2579 181,
660 2498 700 2560 16
714 2497 867 2579 adhibuit,
892 2499 1065 2582 Gregorius
1081 2498 1205 2561 rettulit
1228 2499 1268 2564 ad

129 2619 233 2664 mores
254 2599 435 2663 hominum.
465 2597 576 2681 Longe
600 2599 661 2662 alio
681 2619 778 2664 sensu
798 2601 932 2665 ἐντὲλεια
947 2604 977 2684 (a
995 2603 1083 2665 τέλος
1100 2632 1133 2654 --
1150 2621 1268 2666 munus

130 2701 327 2784 derivatum)
352 2702 389 2763 in
412 2700 503 2764 titulo
522 2702 687 2784 Epirotioo
712 2701 817 2766 SGDI.
837 2706 932 2786 1339,
959 2707 1007 2768 11.

220 2805 444 2881 ἐπανίςτημι
467 2805 658 2887 praefero,
684 2811 872 2888 antepono
897 2808 1000 2871 Β11;
1025 2813 1069 2890 τῷ
1093 2809 1191 2892 κτίςτῃ
1210 2811 1267 2886 τήν

130 2910 220 2973 κτίςιν
260 2907 482 2970 ἐπανιςτάντες
513 2909 544 2969 et
572 2905 653 2969 07:
686 2908 775 2971 κτίςιν
808 2909 1022 2974 ἐπανιςτάντες
1051 2915 1096 2992 τῷ
1129 2912 1267 2993 κτίςαντι,

131 3031 227 3092 quam
251 3009 345 3073 voois
370 3009 437 3069 vim
460 3008 544 3090 apud
568 3009 647 3071 alios
671 3029 737 3071 non
759 3009 878 3073 inveni.

219 3113 349 3191 ἡλικία
366 3141 401 3162 =
417 3112 497 3174 vita
520 3112 623 3174 1336:
648 3112 667 3188 ἡ
693 3113 790 3190 ἡλικία
813 3114 1010 3190 πνευματική.

218 3215 415 3295 ψθρύψις
438 3215 540 3278 G23:
574 3223 620 3294 Θρ.
638 3216 773 3296 αὐχένος
794 3217 970 3279 =mollis
1000 3217 1167 3279 inflexio
1199 3236 1268 3280 oer-

128 3319 216 3383 viois.
256 3317 337 3381 Vox
369 3318 437 3399 ipsa
467 3318 649 3382 Atticorum
681 3323 713 3381 et
743 3317 982 3381 hellanistarum
1013 3320 1178 3402 proprium
1210 3324 1267 3383 est.

129 3422 311 3506 Gregorius
336 3421 368 3484 ei
392 3440 507 3483 noram
530 3421 596 3482 vim
619 3421 681 3483 hoo
703 3420 774 3483 loeo
799 3421 952 3484 attribuit.

218 3537 252 3600 -ρ
271 3525 468 3588 κατάθεςις
480 3527 621 3600 ςώματος
634 3523 835 3605 sepultura
848 3523 935 3586 (³43.
955 3523 1131 3606 Scriptores
1140 3525 1266 3607 priores

127 3631 183 3711 qui
207 3647 294 3694 vooe
319 3630 466 3707 utuntur,
481 3625 651 3707 Diodorus
670 3625 797 3706 Pollux,
818 3625 1001 3708 Geoponioi,
1026 3645 1092 3688 non
1111 3626 1266 3690 adhibent

127 3754 198 3798 earn
222 3734 293 3798 nisi
318 3731 358 3794 de
381 3730 497 3812 plantis
520 3733 556 3794 in
579 3734 696 3795 terram
721 3731 925 3814 deponendis.

218 3848 252 3911 -ρ
270 3836 527 3914 λογογραφὲω
544 3857 575 3898 τι
591 3835 618 3897 Β
632 3836 692 3898 43:
718 3840 914 3914 λογογραφεῑ
926 3838 983 3913 τήν
997 3836 1152 3914 εὐςέβειαν
1169 3837 1267 3899 ‘oom-

125 3943 218 4022 ponit
242 3939 370 4002 librum
394 3936 433 3999 de
453 3938 582 4020 pietate'
603 3941 635 4000 et
657 3938 684 4000 B
703 3939 745 4001 80
771 3941 967 4016 λογογραφῶ
992 3941 1049 4015 τὴν
1071 3943 1129 4002 τοῦ
1148 3937 1267 4014 ἀνδρὸς

125 4045 298 4108 πολιτείαν.
337 4038 409 4114 Qua
431 4059 510 4104 vooe
541 4041 605 4102 iam
628 4039 820 4103 Plutarchus
851 4040 953 4103 utitur
984 4041 1183 4125 coniungens
1214 4043 1267 4105 vel

126 4165 200 4208 oum
227 4146 342 4208 dativo
368 4140 419 4203 vel
443 4160 517 4205 oum
542 4143 590 4205 ἐπί
614 4143 700 4224 (τινι).

217 4244 381 4326 ÷p1roit
403 4243 489 4308 Β66
514 4264 551 4308 ao
580 4245 721 4327 saepius;
752 4243 827 4325 Eur,
860 4245 919 4326 Ap.
936 4243 994 4325 Rh,
1025 4243 1158 4328 Oppian,
1187 4244 1267 4309 item

125 4352 159 4413 in
183 4370 284 4435 prosa
316 4347 460 4410 oratione
482 4348 581 4428 Isoor,
610 4346 702 4430 Diod,
733 4347 815 4428 Plut,
847 4346 907 4409 Dio
931 4347 1022 4409 Prus.
1058 4347 1121 4412 Sed
1149 4365 1266 4410 novam
