3240 5252
96 447 186 532 [177]
365 504 366 507 ,
566 455 663 510 Studia
682 454 819 509 Tulliana.
1184 452 1228 512 17

15 645 17 650 ·
94 647 209 690 omnem
226 627 357 691 Italiam
374 627 632 692 desideratissimo
647 627 745 691 codice
765 628 962 710 repleverunt.
987 626 1051 691 Nos
1071 645 1139 692 tero
1156 649 1229 693 carn

89 731 220 813 ptolticn's
229 733 360 814 patriae
374 731 548 794 tractandis
561 733 687 815 noyotle's
697 730 895 794 adolescentes
904 729 1118 794 Mediolanum
1129 733 1239 797 odite»

94 852 192 897 sennns
201 833 342 896 Brntnm
355 833 394 896 de
408 833 502 896 cloria
514 832 686 896 oratoribus
694 835 797 916 primi
811 835 949 896 mnnlnrn
961 834 1099 897 mirabili
1114 835 1232 900 ardore

95 956 130 998 ac
145 936 294 1000 celeritate
315 938 592 1018 transscripsirnns,
611 956 648 999 en
666 956 724 1020 qno
738 938 881 1019 primam
903 935 1055 1000 Veronam
1074 936 1226 1020 Onera'no,

90 1046 159 1122 post
180 1039 347 1104 Leonardo
365 1039 544 1103 Iustiniana
569 1039 711 1104 Venetiae
734 1043 824 1104 misso
846 1041 944 1104 omnis
964 1039 1060 1104 Italia
1083 1043 1234 1125 exemplis·

88 1144 211 1224 pariter
232 1148 275 1206 est
299 1142 425 1226 repleta.
450 1140 539 1217 Quae
563 1141 679 1204 Blandi
702 1142 840 1205 namatio
865 1141 1083 1224 compluribus
1108 1145 1228 1222 confir·

94 1250 198 1306 matur
212 1245 283 1308 eius
300 1245 415 1307 aetatis
428 1243 573 1327 epistulis
584 1248 613 1326 ¹).
632 1244 760 1308 Flavius
777 1246 884 1327 igitur,
901 1246 957 1327 qui
968 1245 1104 1308 Brutum
1121 1246 1226 1309 solum

92 1348 248 1430 scripture
264 1348 401 1410 minime
419 1346 522 1410 nitida
538 1366 644 1429 neque
663 1347 728 1410 ullo
750 1347 843 1410 modo
866 1350 1021 1411 exornata
1038 1369 1058 1412 a
1076 1353 1166 1414 nonis
1184 1353 1233 1415 ad

90 1450 169 1532 ydros
194 1449 335 1514 Octobres
359 1449 493 1530 14222),
521 1448 555 1511 id
583 1454 631 1514 est
658 1454 729 1513 octo
753 1449 875 1532 dlebuS,
902 1452 1048 1533 perfecit,
1073 1452 1229 1518 laudibus-

93 1551 207 1615 efferre
220 1556 328 1636 potest
340 1551 519 1615 mirabilem
531 1571 621 1615 suam
634 1553 838 1617 celeritatem.
859 1553 1010 1620 Codioem
1020 1554 1055 1636 Ο,
1066 1557 1122 1638 qui
1132 1559 1233 1639 quiu-v

94 1674 153 1735 que
173 1655 330 1718 oratorios
349 1654 448 1717 libros
464 1655 615 1737 continet,
633 1656 709 1720 inde
728 1656 766 1718 ab
782 1657 893 1720 Idibus
911 1657 1102 1721 Octobribus
1122 1679 1230 1743 usque

94 1758 130 1820 ad
145 1759 385 1841 paenultimam
401 1757 577 1822 Novembri
593 1759 677 1822 diem
687 1761 718 1840 ³),
734 1759 766 1821 id
784 1762 832 1824 est
855 1759 1065 1844 quadraginta
1081 1763 1228 1845 quinque

95 1861 211 1940 diebus
231 1863 321 1926 omni
339 1861 455 1925 decore
473 1861 627 1944 cultuque
644 1865 835 1925 exornatum
854 1868 949 1944 atque
967 1882 1063 1945 quam
1077 1865 1232 1947 pulcher-

94 1965 170 2028 rime
182 1967 342 2049 scriptum
355 1983 425 2029 esse
439 1966 627 2029 censueris?
646 1963 749 2027 Immo
763 1984 837 2029 vero
851 1966 1014 2048 exemplar
1025 1966 1105 2029 illud
1119 1967 1228 2032 Cosmi

95 2066 327 2150 Cremonensis,
349 2067 384 2129 in
408 2087 471 2149 quo
490 2067 538 2130 De
557 2073 680 2131 oratore
704 2067 802 2130 libros
827 2072 858 2130 et
878 2066 1043 2131 Oratorem
1064 2071 1232 2136 exstitisse.

94 2171 221 2253 scimus,
246 2171 322 2234 fons
352 2178 401 2236 est
428 2173 548 2236 codicis
572 2171 607 2254 0,
637 2174 694 2254 qui
722 2173 834 2236 eodem
862 2172 930 2238 lere
958 2179 1100 2256 tempore
1128 2174 1226 2236 scribi

94 2280 221 2357 coeptus
246 2281 296 2338 est
321 2295 387 2358 quo
411 2275 446 2338 B.
480 2274 543 2339 Sed
567 2295 632 2339 non
655 2275 750 2338 modo
774 2276 894 2340 codicis
919 2275 945 2339 Ο
969 2276 1023 2338 illa
1046 2276 1134 2358 origo
1159 2281 1231 2357 est,

92 2375 118 2440 P
134 2397 261 2460 quoque
280 2378 360 2441 inde
376 2377 515 2458 fluxus).
537 2378 671 2442 Cosmus
687 2380 773 2441 enim
786 2397 845 2442 suo
861 2381 896 2441 in
908 2379 1084 2462 exemplari
1099 2383 1229 2444 textum

92 2479 294 2545 Laudensem
322 2482 359 2542 iu
387 2481 526 2563 capitula
552 2482 729 2561 distribuit3
755 2482 861 2546 Cosmi
889 2483 1052 2565 exemplar
1082 2485 1233 2546 correxit.

93 2586 123 2646 et
140 2585 328 2649 emendavit
352 2585 385 2646 et
407 2584 568 2646 interdum
587 2584 729 2666 oor-rnpit
747 2584 918 2665 Beruinius,
942 2586 1130 2668 priusquam
1149 2586 1232 2651 inde-

91 2693 257 2752 manarent
276 2687 468 2770 apographa.
499 2686 568 2763 Quo
585 2686 708 2750 factum
727 2692 784 2768 est,
809 2692 845 2749 ut
864 2688 991 2752 codices
1010 2688 1036 2751 P
1060 2692 1092 2751 et
1108 2687 1134 2751 Ο
1153 2689 1237 2772 plu-¹

90 2790 176 2854 rimis
195 2791 286 2854 locis·
300 2790 392 2871 paria
411 2788 545 2871 tradant,
570 2809 643 2854 cum
668 2809 686 2852 a
710 2790 829 2852 codicis
847 2789 873 2854 B
896 2792 1053 2872 scriptura
1071 2792 1231 2856 recedent·
1314 2851 1317 2858 .

91 2913 192 2976 neque
208 2894 291 2956 falsa
304 2891 434 2954 illorum
446 2892 542 2955 lectio
555 2892 595 2955 ad
607 2891 808 2956 Laudensem
823 2893 1002 2956 revocanda
1017 2894 1058 2957 sit
1067 2895 1099 2975 5).
1123 2893 1231 2976 Cuius

89 2998 133 3062 rei
145 3017 189 3062 ex
203 2996 341 3060 Oratore
354 2993 487 3057 afferam
499 2996 654 3059 nonnulle
666 2997 813 3079 exempla
828 3016 865 3060 ao
878 2998 1066 3060 testimonia.
1084 2997 1231 3062 Monitos:

89 3106 193 3165 autem
216 3099 319 3163 velim
343 3097 480 3162 lectores
504 3103 536 3162 et
556 3099 582 3162 P
607 3104 639 3162 et
658 3097 684 3161 O
709 3118 752 3162 ex
775 3099 845 3182 ipso
864 3098 1034 3181 Laudensi,
1058 3105 1094 3162 ut
1117 3102 1229 3165 statim

89 3203 277 3283 videbimus,
300 3204 463 3264 correctos
484 3219 562 3283 esse,
578 3221 620 3265 ne
641 3203 713 3284 quis
728 3202 919 3284 plerumque
938 3223 957 3265 a
977 3203 1090 3266 scribis
1109 3202 1226 3267 FP²01

88 3307 255 3390 archetypi
268 3303 370 3368 verba
382 3302 464 3367 tradi
476 3306 617 3369 miretur.
632 3307 650 3386 ᾖ
663 3307 703 3367 12
717 3306 758 3387 (4,
768 3306 808 3384 24)
819 3308 912 3370 etlam
922 3302 1042 3386 FPlOl,
1057 3323 1116 3368 om.
1129 3304 1230 3388 P¹01,

88 3410 139 3474 ubi
150 3431 219 3474 uon
231 3406 420 3472 inconsulto
434 3407 587 3471 omissum
600 3427 669 3472 esse
681 3407 808 3472 videtur
820 3408 1019 3490 superfluum
1030 3407 1226 3472 vocabulum

87 3585 196 3652 gentiae
217 3597 283 3636 esse
304 3581 378 3634 bene
392 3579 506 3648 exponit
517 3579 735 3647 HeerdegeniuS,
747 3577 881 3632 Fleckeis.
902 3577 995 3630 annal.
1011 3575 1070 3643 131,
1087 3576 1146 3645 112,
1167 3593 1230 3645 qua,

87 3667 228 3723 nonnullis
249 3663 383 3718 versibus
403 3666 468 3717 ante
487 3664 611 3718 Blondus
634 3657 823 3717 nominaverit
841 3664 957 3716 Brutum
981 3665 1045 3715 ante
1064 3660 1221 3732 Oratorem,

88 3754 222 3822 cumipse
237 3750 269 3804 in
284 3747 393 3802 codicis
407 3748 428 3801 B
442 3748 648 3816 subscriptione
668 3747 723 3801 alio
738 3762 827 3815 eoque
839 3747 949 3800 veriore
964 3745 1064 3800 ordine
1077 3751 1226 3801 enumeret·

87 3839 190 3894 libellos
213 3833 303 3890 Tullii
324 3832 473 3887 oratorios.
499 3840 501 3844 ’

173 3925 191 3993 ¹)
214 3921 257 3976 ct.
272 3916 429 3984 Detlelsen,
448 3917 509 3971 Act.
522 3917 616 3986 philol.
637 3932 717 3969 conv.
737 3917 789 3970 Kil.
809 3932 834 3985 p.
848 3916 883 3971 98
901 3933 961 3986 sqq.

171 4010 190 4079 ²)
212 4003 325 4062 Cod.B
346 4001 521 4072 subscriptio,
534 3995 569 4056 ea
588 4001 678 4056 docet.

170 4094 191 4163 8)
209 4093 294 4146 Haec
316 4101 353 4139 ex
373 4083 395 4139 Ο
414 4086 620 4156 subscriptione
639 4086 747 4139 minore
766 4085 854 4154 petita
872 4084 1004 4155 prompsi.

170 4179 190 4249 ⁴)
202 4172 320 4233 Iniuria
330 4168 580 4238 igiturPalatinum
589 4171 682 4240 ipsum
692 4170 819 4226 codicem
829 4170 1011 4225 CosmIanum
1021 4169 1128 4225 ducunt
1137 4171 1227 4226 Heer-

91 4265 214 4335 degenius
236 4266 267 4317 et
288 4255 493 4312 Sabbaunius.
607 4285 610 4290 ·

171 4351 191 4422 ὅ)
211 4344 333 4404 Similia
352 4342 457 4410 profert
476 4342 684 4412 Friderious'in
702 4343 837 4398 Fleckeis.
858 4344 953 4398 annal.
968 4341 1032 4410 135,
1042 4341 1084 4397 79.

137 4478 185 4529 ΧΗ,
198 4475 218 4520 2.
1079 4451 1113 4504 12
