3240 5252
358 495 402 558 36
803 502 921 558 Petrus
941 502 1032 569 Reis‚
1397 494 1483 582 [196]

358 674 584 739 coniunctione
611 681 666 738 arri
693 675 795 757 primo
823 675 965 740 membro
993 675 1202 747 annexuisset
1229 680 1328 757 atque
1361 676 1407 739 ita
1433 674 1484 740 ad-
1593 743 1594 750 p

290 775 293 780 ’
356 777 523 858 iunxisset,
547 782 584 842 ut
606 783 671 842 tres
701 777 873 844 evaderent
902 779 953 844 sui
982 779 1103 844 similes
1126 779 1299 861 oporicen,
1328 780 1485 848 sententia

357 880 453 944 nimis
471 880 564 952 fieret
581 880 727 962 rhetoris,
749 900 861 963 parum
882 899 957 946 vere
976 883 1112 946 oratoris
1126 901 1164 947 ao
1179 881 1368 946 foedissime
1384 882 1484 948 otten-

357 983 446 1046 deret
468 983 626 1050 audientis
649 1002 752 1064 aures,
776 983 885 1048 oculos
908 983 1052 1066 legentis
1082 984 1217 1050 Recedit
1240 986 1341 1068 igitur
1363 984 1485 1048 Tullius

356 1085 394 1150 ab
425 1087 552 1168 incepta
582 1087 759 1154 sententiae
789 1087 948 1152 structura
978 1091 1073 1168 atque
1106 1106 1189 1168 quae
1217 1086 1257 1150 de
1286 1087 1485 1170 philosophis

356 1189 523 1272 acceperit
540 1189 659 1254 directo
671 1188 799 1270 indicat,
816 1207 898 1271 quae
911 1188 951 1254 de
967 1189 1145 1256 arhfioihus
1161 1192 1357 1272 cognoverit
1374 1191 1484 1274 ampli-

355 1290 484 1362 ficando
496 1290 665 1374 praedicat.
682 1289 746 1354 Sed
757 1295 826 1362 tum
838 1291 1029 1358 senteutiam
1041 1291 1106 1358 iam
1117 1311 1183 1357 non
1194 1298 1300 1375 potest
1314 1313 1352 1358 ea
1361 1295 1484 1360 ratione

356 1394 493 1477 explere,
527 1414 590 1476 qna
621 1395 776 1461 instituit:
810 1393 966 1475 omnibus,
996 1413 1079 1476 quae
1109 1395 1254 1476 inseruit,
1286 1397 1485 1480 interpositis

356 1496 506 1562 ἀπόὸοειε
522 1495 713 1562 difficillima
728 1501 813 1560 esset
827 1496 867 1560 ad
882 1496 1141 1578 intellegendum.
1166 1497 1274 1563 Nihilo
1292 1500 1403 1563 minus
1416 1501 1484 1564 eius

355 1599 492 1680 initium,
505 1599 590 1680 quod
602 1599 749 1681 primitus
761 1601 866 1662 animo
880 1601 1035 1682 concepit
1051 1601 1212 1684 integrum
1228 1609 1336 1666 servat
1348 1605 1485 1686 scriptor

356 1707 388 1766 et
415 1701 521 1766 verbis
549 1720 630 1783 quae
658 1707 734 1771 sunt
759 1705 795 1766 in
822 1704 1084 1772 manumisero
1112 1723 1186 1770 cum
1210 1706 1242 1768 vi
1264 1706 1300 1767 in
1324 1706 1483 1789 principio

356 1804 517 1875 collocatis
528 1804 631 1870 flectit
643 1806 832 1868 sententiam
849 1823 984 1886 eamque
1000 1824 1064 1868 non
1079 1805 1315 1889 interrogando,
1332 1808 1391 1872 sed
1402 1809 1484 1872 indi-

356 1907 456 1974 cando
470 1907 609 1976 conticit.
634 1910 742 1989 Atque
753 1908 849 1972 etiam
865 1907 905 1972 de
921 1907 1056 1990 singulis
1068 1908 1246 1972 oratoribus
1258 1908 1350 1992 loqui
1364 1910 1484 1974 mavult

356 2032 460 2093 quam,
488 2010 521 2086 id
550 2011 636 2092 quod
659 2015 892 2093 exspectamus,
921 2029 1088 2080 secernere
1111 2013 1236 2078 tantum
1260 2014 1423 2078 secundos
1446 2014 1483 2078 de

354 2115 473 2198 primis.
498 2113 695 2200 Adnunabile
710 2132 779 2178 esse
791 2113 955 2180 rhetorum
963 2113 1142 2196 'discipulos
1154 2115 1314 2196 admonet,
1328 2123 1483 2198 quantum

354 2219 439 2282 inter
463 2236 573 2292 omues
597 2236 681 2283 unus
707 2217 845 2284 excellat
859 2216 1099 2299 Demosthenes
1123 2218 1224 2284 nihilo
1244 2221 1347 2284 setius
1367 2221 1482 2283 multos

354 2321 454 2386 fuisse
478 2326 618 2400 oratores
642 2325 674 2388 et
691 2319 746 2383 illa
762 2325 863 2386 aetate
880 2325 911 2384 et
926 2320 1031 2402 priore
1046 2339 1108 2384 nec
1125 2321 1281 2386 defecisse
1296 2324 1479 2405 posteriore.

354 2424 424 2502 Neo
446 2423 549 2491 solum
572 2423 673 2488 luisse
696 2423 783 2503 alios,
808 2443 1001 2505 quamquam
1023 2423 1123 2488 fuerit
1143 2425 1400 2507 perfectissimus
1422 2425 1480 2507 ille,

354 2527 412 2604 sed
435 2528 531 2594 etiam
553 2525 693 2608 aliquem
715 2525 820 2591 locum
846 2545 901 2590 eos
925 2527 1102 2594 obtinuisse
1122 2533 1153 2592 et
1172 2548 1248 2592 oum
1268 2529 1409 2593 elamore
1428 2549 1480 2594 au.
1593 2509 1594 2572 Ϊ

354 2631 437 2710 (litos
457 2649 534 2694 osse.
562 2629 615 2693 Sic
632 2629 853 2710 complectitur
870 2630 982 2694 Cicero
999 2631 1129 2694 alteram
1145 2630 1330 2708 aporoceuic
1352 2639 1480 2715 partem,

354 2751 436 2814 quae
468 2736 516 2796 est
546 2731 623 2794 ‘non
652 2729 746 2796 modo
779 2733 905 2822 primis
920 2733 955 2796 in
985 2752 1112 2814 quoque
1142 2734 1219 2799 artis
1249 2734 1301 2798 vel
1330 2736 1481 2800 scientiae

353 2854 471 2919 genere
490 2840 539 2900 est
557 2833 656 2914 locus,
681 2833 737 2898 sed
756 2835 853 2898 etiam
869 2835 1020 2900 secundis
1036 2842 1131 2918 atque
1147 2837 1195 2918 iis,
1220 2836 1277 2917 qui
1300 2841 1378 2901 sunt
1400 2838 1481 2902 intra
1593 2889 1594 2908 ι

352 2939 531 3020 secundos,
561 2958 634 3002 cum
663 2938 769 3018 altera,
799 2957 880 3020 quae
906 2943 954 3002 est
977 2939 1146 3020 ‘nusquam
1169 2938 1232 3000 vini
1255 2940 1480 3021 perfectissimi
1593 2941 1594 3026 l

306 3061 308 3064 ·
353 3044 391 3118 ab
409 3041 598 3110 elaborando
615 3041 843 3104 deterruerunt
858 3042 1023 3123 reliquos':
1042 3041 1121 3108 duas
1135 3047 1241 3125 partes
1259 3043 1481 3128 complectitur
1563 3045 1565 3050 ’
1593 3083 1594 3098 t

353 3147 503 3220 ἀποδόεει
526 3152 621 3229 atque
641 3147 855 3210 concinnitate
872 3146 1044 3210 verborum
1061 3146 1171 3227 eflicit,
1195 3153 1232 3208 ut
1247 3139 1480 3212 ἆνακολουθίαν

352 3253 457 3322 animo
482 3251 704 3333 percipiamus.
728 3249 767 3312 ld
791 3249 920 3330 quidem
944 3255 1109 3332 tantopere
1132 3250 1253 3335 placuit
1276 3250 1479 3332 Columellae,
1593 3261 1594 3266 ’

353 3358 389 3424 ut
410 3355 529 3420 imitari
553 3359 729 3417 conaretur.

441 3455 514 3521 Tale
533 3454 746 3519 anacoluthon
764 3473 917 3538 persaepe
932 3455 1051 3536 legitur
1066 3456 1100 3518 in
1116 3454 1230 3520 litteris
1246 3456 1379 3522 Latinis,
1404 3457 1479 3521 Eius

352 3559 507 3644 nonnulla
536 3557 682 3640 exempla
712 3558 752 3622 ad
783 3557 946 3622 Ciceronis
973 3557 1024 3624 De
1050 3558 1175 3641 legibus
1205 3558 1224 3621 l.
1248 3559 1277 3640 Ι,
1301 3560 1345 3622 46
1375 3579 1479 3637 emen-

353 3662 492 3727 dandum
512 3660 639 3744 collegit
650 3660 833 3744 Madvigius
851 3662 884 3722 in
905 3660 1126 3726 dissertatione
1145 3663 1367 3746 inaugurali1),
1386 3683 1479 3746 quam
1593 3685 1594 3688 ¹

353 3785 450 3848 supra
472 3765 606 3830 laudavi.
644 3764 766 3830 Similis
788 3765 897 3846 huius,
927 3765 966 3828 de
991 3786 1054 3848 qua
1077 3765 1140 3847 egi,
1166 3766 1409 3849 comprehensio
1432 3769 1478 3829 in-

353 3869 482 3937 venitur
508 3869 542 3930 in
571 3867 698 3944 Quaest
721 3869 812 3932 Tuso.
836 3867 855 3929 l.
871 3868 918 3949 V,v
934 3870 986 3933 73.
1028 3868 1186 3951 Loquitur
1215 3868 1259 3930 ibi
1288 3869 1411 3932 Tullius
1441 3869 1478 3932 de

353 3973 495 4054 sapiente
511 3991 636 4055 semper
650 3970 742 4036 beato
760 3978 806 4036 et:
832 3971 885 4034 Aa
900 3973 1006 4054 inquit
1021 3971 1167 4056 Epicuro,
1187 3974 1240 4056 qui
1256 3977 1378 4036 tantum
1395 3973 1478 4037 modo

352 4077 455 4141 induit
476 4097 642 4161 personam
665 4074 840 4161 philosophi
865 4082 893 4140 et
920 4075 977 4140 sibi
1007 4078 1069 4160 ipse
1099 4075 1152 4140 hoc
1180 4096 1288 4142 nomeu
1316 4079 1477 4161 inscripsit

352 4181 450 4244 dicere
468 4179 573 4260 licebit,
598 4180 678 4264 quod
696 4180 826 4264 quidem,
850 4183 884 4242 ut
902 4178 990 4243 habet
1007 4201 1037 4244 se
1057 4201 1113 4260 res,
1133 4200 1179 4243 me
1197 4185 1298 4244 tomen
1313 4180 1478 4264 plaudente

353 4283 434 4363 dicit,
463 4283 583 4346 nullum
606 4276 738 4366 sapienti
760 4301 820 4348 essa
844 4287 967 4366 tempus,
996 4285 1116 4347 etiamst
1138 4289 1261 4364 uratur,
1293 4291 1476 4369 torqueatur,

446 4423 465 4491 ¹)
483 4423 548 4491 Peg.
561 4423 597 4476 44
616 4439 655 4490 sq.
