3240 5252
365 509 408 572 64
807 516 929 572 Petrus
947 515 1040 583 licis,
1404 506 1492 592 [224]

365 685 545 770 Sulpitium,
570 685 746 752 eTulliano
763 686 811 752 De
834 687 1020 751 inventione
1035 686 1116 750 libro
1135 687 1238 770 primo
1255 686 1372 750 afferre
1391 687 1493 750 licem.
1551 764 1553 768 .
1599 675 1600 682 '

364 790 403 856 In
428 792 446 872 ξ
467 791 509 857 34
537 789 690 872 legimus:
727 789 927 872 Confirmatio
955 797 1010 870 est,
1035 811 1095 875 par
1125 811 1218 875 quam
1247 791 1495 876 arpumantando

365 900 486 958 murae
507 913 617 958 caueae
639 900 666 958 et
685 896 897 958 ontearum
920 901 947 958 at
963 892 1195 976 firmamentum
1212 894 1360 980 adiunpr't
1378 896 1492 972 arctim

365 1001 397 1059 et
419 997 454 1060 in
478 997 496 1078 ξ
522 998 580 1060 ἵὸε
605 995 811 1082 caprulanae
833 1003 884 1078 eet,
902 1017 962 1081 par
980 1018 1072 1082 quam
1089 997 1336 1083 arqunuutando
1351 997 1494 1060 adversa·

364 1101 485 1166 riorum
507 1097 700 1182 confirmatio
720 1099 854 1164 dduitm
877 1106 932 1163 ant
954 1098 1136 1182 infirmatur
1158 1107 1214 1164 aut
1231 1100 1375 1167 meatur.
1408 1098 1494 1164 Haec

364 1200 449 1283 fonte
464 1203 646 1270 inuentionis
668 1202 768 1268 eodem
787 1209 898 1283 matur,
922 1223 979 1288 qua
994 1205 1096 1266 addar
1110 1201 1309 1285 confirmatio,
1327 1209 1495 1287 propterca

364 1305 453 1392 quod,
477 1305 585 1390 quibua
607 1325 644 1370 aa
665 1305 736 1370 uois
759 1305 865 1390 aliqua
888 1326 937 1370 res
954 1304 1134 1388 confirmari
1150 1311 1257 1390 potest,
1281 1306 1377 1370 isdem
1397 1311 1494 1389 potest

364 1429 401 1473 ea
428 1409 500 1472 locis
526 1407 693 1490 infirmari.
728 1406 852 1484 Quibus
879 1407 960 1472 locis
988 1407 1112 1472 collatis
1142 1408 1231 1472 hunc
1259 1428 1277 1470 a
1301 1407 1494 1489 Sandysio¹l

365 1529 447 1593 nego
472 1510 576 1572 sanari
605 1509 693 1573 hisce
718 1509 868 1573 remediis
896 1529 934 1573 ac
962 1510 1068 1574 verbis
1092 1510 1492 1593 interpretationibusque:

364 1612 504 1676 Tullium
534 1613 586 1678 hic
610 1615 642 1676 et
666 1612 705 1676 de
728 1613 915 1676 inventione
943 1612 1039 1676 etde
1068 1612 1277 1678 collocatione
1303 1612 1493 1676 brevissime

365 1734 459 1798 agere
476 1714 573 1798 idque
588 1715 694 1798 ipsum
710 1716 836 1783 sentire.
860 1715 971 1800 Ipsum
990 1717 1076 1778 enirn
1096 1715 1203 1780 dicere
1222 1734 1256 1780 se
1274 1717 1394 1798 primas
1415 1715 1493 1780 duas

366 1818 562 1902 quaestionis
590 1816 769 1902 propositae
792 1824 899 1901 partes
921 1821 1100 1884 summatim
1122 1818 1308 1903 breuiterque
1332 1823 1493 1882 tractasse.

365 1921 407 1986 Et
431 1940 622 2004 quamquam
653 1920 724 1983 talis
754 1926 906 1985 tractatus
938 1940 1043 2002 usque
1067 1921 1107 1984 ad
1131 1926 1255 1986 certum
1283 1920 1493 1984 absolutionis

365 2023 500 2107 gradum
511 2023 728 2108 perficiendus
740 2023 789 2105 sit,
806 2028 911 2086 tamen
924 2025 1139 2088 narrationem
1151 2028 1246 2105 atque
1258 2025 1491 2106 perorationem

365 2126 529 2210 neglectas
555 2145 618 2189 non
644 2144 713 2190 esse
739 2126 909 2207 mirandas,
938 2145 1012 2190 cum
1035 2125 1171 2190 Tulliani
1197 2125 1338 2190 Oratoris
1364 2127 1493 2190 nonsit
1602 2145 1603 2154 ¹

365 2228 633 2314 praeceptione
657 2227 794 2292 dicendi.
827 2228 890 2294 Sed
913 2228 1088 2292 verisimile
1116 2248 1185 2294 esse
1210 2227 1401 2294 Ciceronem
1425 2229 1493 2294 bre·
1602 2243 1603 2248 ’

366 2335 448 2396 viter
471 2332 671 2416 significasse
700 2331 977 2396 confirmationem
1005 2331 1111 2396 verbis
1135 2332 1336 2414 quibusdam,
1361 2340 1398 2395 ut
1426 2354 1493 2399 aaa·

363 2435 502 2520 firmabit
524 2455 591 2514 aaa,
616 2453 698 2518 quae
722 2434 872 2501 facillime
897 2434 1046 2498 excidere
1065 2436 1206 2517 potuisse
1223 2441 1297 2498 ante
1313 2434 1491 2518 infirmabit.

367 2538 512 2602 Conferri
541 2542 648 2602 autern
676 2537 765 2600 iubet
788 2536 980 2619 Sandysius:
1011 2535 1062 2600 Or.
1080 2539 1098 2618 ᾗ
1117 2537 1196 2603 122:
1221 2557 1278 2602 ena
1301 2536 1492 2620 confi-ruam

365 2641 545 2708 adrnrsnria
568 2647 710 2718 avariora
735 2638 783 2702 De
807 2659 850 2704 or.
865 2639 907 2720 Π,
928 2642 1008 2702 331:
1038 2646 1103 2704 tum
1130 2641 1322 2726 suppurantia
1344 2647 1418 2706 sunt
1438 2641 1492 2724 fir-

365 2750 520 2810 mamenta
543 2763 651 2808 caueae
673 2744 829 2808 coniuncta
851 2748 879 2806 at
894 2742 1094 2825 infirmandis
1109 2745 1275 2807 contrariis
1296 2749 1325 2806 et
1343 2746 1409 2808 suia
1427 2763 1493 2808 acn-

363 2845 544 2929 firmandu's3
576 2844 659 2908 Part.
684 2864 727 2907 or.
749 2844 829 2906 122:
861 2847 894 2908 in
925 2843 1146 2926 confirmandis
1257 2848 1371 2910 nostris
1401 2866 1493 2930 arqu-

366 2947 600 3013 unumunurn
623 2945 879 3032 infirmandisque
896 2949 1069 3010 comram'a’a
1094 2946 1203 3010 Refert
1221 2965 1352 3028 quoque
1372 2946 1494 3028 Sandy-

366 3052 433 3113 sius
450 3069 507 3113 sua
524 3049 674 3130 opinione
692 3048 869 3133 explanata,
882 3047 961 3130 quid
974 3047 1012 3111 de
1030 3048 1172 3112 hocloco
1192 3049 1311 3130 cogitet
1323 3047 1492 3112 Nixonius

367 3151 587 3216 Narrationem
605 3150 735 3232 quidem
754 3150 808 3216 hic
831 3151 1086 3233 praetermissam
1110 3169 1180 3214 esse
1201 3156 1320 3232 censet,
1342 3153 1493 3235 quoniam

366 3275 431 3318 non
441 3255 475 3318 in
489 3253 637 3317 omnibus
653 3253 757 3318 causis
773 3253 953 3316 necessaria
969 3254 1018 3316 sit.
1045 3253 1116 3316 Una
1131 3254 1165 3316 in
1180 3272 1215 3316 re
1231 3252 1325 3336 plane
1338 3255 1494 3318 assentior

367 3358 456 3422 hisce
487 3357 613 3420 duobus
643 3356 720 3419 viris
751 3355 868 3420 doctis:
902 3355 988 3436 quod
1018 3357 1156 3419 narratio
1188 3376 1253 3418 non
1284 3356 1492 3421 desideratur.

268 3458 271 3464 ’
368 3459 482 3541 Neque
505 3459 590 3523 enim
615 3477 741 3542 semper
757 3457 875 3522 oratori
891 3456 1074 3540 illigandam
1090 3476 1159 3522 esse
1175 3458 1393 3522 narrationem
1409 3464 1495 3543 patet

367 3581 409 3626 ex
434 3561 480 3630 De
503 3562 567 3624 inu.
583 3561 602 3624 l.
618 3561 642 3642 Ι,
663 3562 721 3624 30:
753 3560 844 3627 Nina
865 3560 992 3646 prodest
1015 3563 1157 3625 narratio
1181 3567 1256 3641 tum,
1283 3582 1354 3625 aum
1377 3561 1416 3626 ab
1439 3562 1493 3626 aal-

367 3665 511 3730 carrariis
530 3686 563 3728 rc
581 3666 716 3748 emoneo
734 3669 839 3728 nostra
862 3663 942 3729 mnu
964 3664 1090 3730 interest
1113 3666 1225 3727 iterum
1247 3669 1304 3728 aut
1326 3663 1389 3728 alio
1408 3664 1497 3728 neoda

369 3788 510 3847 narrare,
532 3767 702 3832 audaciis
724 3768 778 3852 qui
799 3766 935 3831 andiunt
952 3768 997 3829 ita
1016 3771 1135 3830 tumtur
1153 3768 1315 3850 capotium,
1339 3772 1375 3830 ut
1389 3772 1494 3830 nostra

367 3869 448 3934 nihil
475 3873 597 3934 intersit
620 3890 667 3934 cos
684 3869 746 3934 alia
767 3874 857 3954 pacto
877 3868 988 3932 docere.
1022 3867 1110 3948 Quod
1132 3888 1201 3931 cum
1228 3867 1348 3948 unda,
1372 3870 1493 3932 omnino

367 3975 548 4036 narratione
565 3971 822 4056 supersedendum
839 3976 890 4036 ast.
920 3969 962 4033 llt
984 3970 1104 4052 pariter
1126 3974 1213 4052 putet
1236 3988 1278 4033 ex
1293 3968 1341 4033 De
1359 3989 1402 4032 or.
1419 3971 1437 4032 l.
1453 3969 1492 4052 11,

369 4075 449 4137 330:
483 4073 543 4138 sm
570 4074 694 4159 quando
716 4074 865 4137 utendum
891 4075 931 4136 sit
953 4079 1008 4136 aut
1031 4093 1093 4136 non
1115 4075 1155 4136 sit
1177 4075 1367 4154 narratione,
1395 4073 1430 4137 a'd
1452 4078 1493 4136 est

368 4177 494 4242 cumdii.
522 4175 628 4262 Neque
650 4179 740 4256 enim,
768 4178 796 4239 si
819 4181 891 4239 noto
914 4195 962 4239 ras
984 4182 1026 4239 est
1049 4175 1252 4240 modalium
1276 4177 1353 4260 qm'd
1377 4183 1491 4261 pastum

368 4283 416 4358 ait,
432 4300 566 4342 narrare
581 4285 703 4364 oportet,
720 4299 772 4342 mr
787 4277 1022 4363 siadaarsariue
1033 4281 1183 4357 narrauit,
1196 4280 1259 4342 nisi
1273 4281 1301 4343 εἰ
1312 4278 1490 4361 refellamus.

463 4423 481 4490 ¹)
498 4423 546 4478 Ed.
568 4422 698 4478 Cantabr.
718 4439 780 4491 pag.
794 4422 837 4476 59.
