3240 5252
361 454 401 514 78
803 462 924 516 Petrus
943 461 1035 528 Reis,
1397 455 1481 542 [238]

450 631 494 696 Ut
513 633 714 714 metaphorae
738 635 780 694 sit
803 634 993 716 exemplum,
1012 634 1134 696 Tullius
1154 634 1340 696 Ennianum
1361 655 1483 699 versum

357 735 534 816 advocavit,
558 754 653 816 quem
672 734 758 798 idem
777 736 811 796 in
829 736 919 799 Taso.
940 736 1019 819 disp.
1036 736 1054 798 l.
1071 736 1128 818 III,
1145 738 1187 799 44
1207 738 1253 799 ita
1272 737 1399 800 citavit:
1419 761 1484 803 orae

357 845 385 901 ei
411 839 483 902 urhe
506 837 580 902 orba
603 860 687 903 sirm:
712 861 771 924 quo
793 840 938 920 occidam,
963 861 1020 925 quo
1042 841 1246 924 applicem‘il)
1276 839 1401 902 Iniuria
1424 860 1484 903 me-

358 941 490 1023 taphora
508 942 543 1002 in
562 940 719 1005 adiectivo
738 942 812 1006 orbo
830 961 886 1024 pro
904 943 1033 1006 carendi
1049 943 1147 1005 verbo
1167 943 1253 1006 dicto
1272 944 1380 1006 inesse
1398 948 1484 1026 puta-

357 1043 468 1119 hatum
493 1045 589 1106 immo
610 1050 719 1126 tropus
738 1045 831 1125 inest,
855 1050 891 1107 ut
909 1045 971 1108 iam
989 1045 1066 1127 dixi,
1089 1047 1123 1108 in
1140 1046 1283 1128 vocibus,
1309 1065 1391 1127 quae
1415 1052 1486 1110 sunt

360 1167 421 1210 orio
444 1153 473 1210 ei
495 1147 575 1210 urbs.
601 1145 670 1222 Quo
696 1166 737 1210 ex
762 1167 836 1210 vero
853 1147 1055 1231 metaphorae
1075 1148 1231 1231 exemplo,
1256 1149 1342 1230 quod
1368 1169 1409 1212 ex
1424 1149 1485 1212 En-

358 1250 454 1310 niana
478 1249 639 1332 tragoedia
663 1251 806 1333 sumpsit,
831 1249 981 1333 deinceps
1006 1251 1137 1314 alterius
1156 1252 1248 1333 tropi,
1273 1253 1486 1332 metonymiae

358 1351 489 1432 scilicet,
501 1352 684 1433 exemplum
695 1352 916 1434 tingitTullius
925 1374 931 1414 :
941 1354 1161 1416 immutatione
1172 1373 1250 1416 usus
1263 1353 1486 1433 essetEnniuS,

357 1455 383 1514 si
409 1473 464 1536 pro
485 1456 585 1535 patria
604 1490 647 1500 —
668 1474 771 1535 neque
791 1461 898 1518 autem
920 1476 976 1538 pro
996 1456 1136 1520 Hectore
1155 1493 1197 1500 ·-
1219 1475 1325 1520 arcem
1346 1456 1485 1519 dixisset.

359 1556 445 1619 Huic
465 1557 580 1620 deinde
604 1558 817 1638 metonymice
837 1559 985 1641 exemplo
1004 1558 1081 1622 ficto
1101 1559 1234 1622 alterum
1256 1559 1346 1622 addit
1369 1579 1485 1640 verum,

356 1658 441 1739 <prod
466 1678 507 1721 ex
531 1659 675 1723 eiusdem
699 1660 796 1723 Ennii
820 1662 1000 1724 Annalibus
1024 1663 1129 1724 hausit
1151 1663 1250 1744 idque
1280 1668 1345 1726 est:
1376 1663 1487 1744 Africo

357 1762 490 1826 terribili
502 1767 605 1827 tramit
616 1763 747 1828 horrido
759 1771 843 1828 terro
856 1767 997 1829 tumultu.
1015 1764 1068 1828 Sic
1085 1764 1220 1828 duarum
1232 1765 1412 1847 figurarum
1430 1767 1487 1828 tria

358 1865 506 1946 exempla
529 1871 614 1928 recte
644 1886 677 1929 se
706 1867 825 1930 habent
852 1887 913 1931 nec
936 1867 1166 1931 removendum
1191 1873 1240 1931 est
1263 1869 1447 1951 exemplum
1470 1889 1487 1931 a
1604 1937 1605 1950 ,

356 1967 458 2030 Tullio
483 1969 550 2050 ipso
574 1969 696 2033 fictum.

446 2069 494 2134 Dc
514 2078 638 2135 oratore
661 2071 734 2135 libri
754 2073 803 2135 III
822 2075 839 2154 ξ
859 2075 930 2154 161,
956 2093 1037 2154 quae
1053 2075 1149 2137 huius
1169 2074 1230 2138 looi
1251 2075 1415 2138 simillima
1434 2080 1486 2155 est,

359 2173 454 2257 paulo
486 2174 653 2237 difficilior
682 2181 731 2238 est
761 2177 800 2238 ad
828 2177 1102 2258 interpretandum
1133 2196 1169 2240 eo
1199 2177 1285 2259 quod
1315 2177 1428 2242 Cicero
1455 2179 1486 2239 in

358 2283 495 2356 utraque
519 2277 624 2359 figura
644 2276 818 2360 distinguit,
844 2284 951 2341 utrum
970 2299 1035 2341 uno
1059 2281 1093 2341 in
1117 2280 1214 2342 verbo
1240 2281 1289 2361 sit,
1314 2286 1369 2342 ut:
1395 2278 1487 2344 Liber
1604 2285 1605 2288 ’

356 2398 414 2461 pro
431 2379 506 2441 vinc
524 2380 637 2461 dictus,
651 2389 724 2462 toga
735 2401 791 2464 pro
804 2401 890 2464 pace,
904 2402 945 2443 an
956 2383 990 2443 in
1004 2383 1228 2446 coniunctione
1242 2382 1424 2464 verborum,
1439 2387 1485 2444 ut:

356 2480 467 2544 Africa
487 2484 603 2562 tremit,
627 2482 769 2545 mollitur
787 2503 882 2547 mare.
908 2483 1008 2560 Quam
1029 2485 1068 2547 ob
1089 2484 1326 2548 distinctionem
1351 2485 1396 2546 ibi
1417 2505 1486 2547 curn

356 2584 454 2646 verba
478 2604 559 2665 quae
588 2591 676 2648 sunt:
707 2589 814 2650 sedin
838 2591 982 2668 oratione,
1012 2595 1079 2649 tum
1107 2588 1219 2650 verba:
1244 2609 1306 2672 pro
1330 2587 1426 2670 Afris
1447 2596 1487 2668 esi
1604 2605 1605 2674 j

353 2693 479 2770 sumpto
495 2687 610 2769 Africo
626 2689 794 2751 retinenda
810 2695 893 2752 311111.
918 2689 999 2752 Nam
1020 2691 1046 2752 si
1068 2690 1183 2752 absunt
1200 2689 1255 2752 illa
1274 2690 1383 2772 rerba,
1403 2690 1483 2753 haud

354 2787 516 2869 intellege,
542 2809 604 2871 qua
629 2792 750 2854 ratione
773 2791 894 2854 Tullius
919 2792 1066 2875 exempla
1081 2794 1227 2874 proxime
1247 2795 1418 2874 sequentia
1436 2793 1485 2855 hic

355 2891 473 2954 afferre
493 2894 648 2974 potuerit:
674 2894 775 2958 desim
794 2895 894 2958 Romo
918 2915 955 2958 ac
978 2901 1062 2958 193199
1084 2903 1157 2958 suni
1174 2899 1283 2979 compi.
1315 2894 1399 2958 Sane
1419 2895 1484 2976 qui-

357 2993 430 3056 dem
448 2994 511 3056 illis
530 2996 564 3056 in
582 2996 687 3059 verbis
707 2995 835 3059 facilius
851 3007 1081 3079 prosopopoeia
1096 2997 1268 3078 invenitur,
1290 3017 1355 3078 qua
1378 2999 1483 3078 utitur,

353 3097 411 3177 qui
435 3115 460 3159 e.
477 3118 505 3179 g.
525 3099 660 3180 patriam
678 3098 860 3180 loquentem
881 3100 1013 3162 inducit.
1038 3098 1100 3162 Sed
1120 3101 1146 3162 si
1171 3101 1243 3180 quis
1259 3100 1292 3161 in
1312 3099 1377 3163 illis
1393 3101 1484 3183 plane

258 3195 263 3204 ’
353 3198 494 3263 eundem
514 3206 640 3284 tropum
661 3202 756 3282 videt,
781 3203 835 3283 qui
856 3208 904 3265 est
927 3204 962 3264 in
984 3208 1057 3284 toga
1073 3221 1129 3284 pro
1149 3222 1226 3285 pace
1246 3201 1338 3285 dicta,
1359 3204 1389 3266 ei
1408 3205 1485 3267 haee

353 3303 574 3383 interpretatio
600 3310 685 3367 certe
711 3308 758 3368 est
782 3305 979 3388 explicanda.

445 3404 517 3468 Iam
541 3407 639 3487 igitur
662 3412 699 3471 ut
721 3407 761 3470 ad
785 3408 926 3472 Oratoris
950 3410 1055 3471 locum
1080 3409 1263 3492 redeamus,
1286 3430 1348 3474 neo
1377 3430 1484 3493 super-

352 3508 424 3571 flua
443 3512 518 3572 sunt
533 3511 639 3593 priora
656 3511 810 3574 vocabula
828 3533 895 3577 cum
912 3513 1033 3594 (liciti),
1053 3512 1170 3594 quibus
1187 3514 1346 3576 contraria
1362 3532 1484 3595 ponun-

352 3619 407 3674 tur
430 3613 457 3673 si
475 3613 608 3694 dicisset,
628 3633 689 3677 nec
707 3616 882 3696 posteriora
905 3637 973 3679 com
992 3617 1109 3698 dioiii),
1134 3635 1216 3697 quae
1235 3619 1320 3678 retro
1341 3621 1485 3699 spectant

352 3714 395 3776 ad
419 3715 617 3794 priorarum
640 3717 728 3797 dicit,
753 3723 784 3780 et
803 3718 891 3780 varia
909 3718 1006 3799 verbi,
1031 3718 1117 3800 quod
1136 3721 1184 3781 est
1202 3719 1319 3800 dicere,
1344 3722 1485 3801 tempora

352 3817 480 3879 decoris
505 3836 602 3880 causa
625 3821 728 3900 posita
755 3820 892 3903 ideoque
916 3820 1073 3884 servanda
1095 3827 1177 3885 sunt.
1208 3820 1271 3884 Sed
1295 3821 1356 3884 alia
1380 3841 1415 3885 re
1440 3821 1483 3884 of-

351 3917 477 4000 fendor,
494 3920 604 3982 eadem
621 3921 746 3985 scilicet
761 3928 856 4005 atque
868 3923 965 3987 Peter
977 3924 1148 4005 etWeller,
1163 3923 1265 4005 quiin
1277 3923 1324 3987 ed.
1338 3945 1409 4008 pag.
1422 3924 1482 3986 176

350 4021 569 4033 -——·—...-.

448 4052 465 4120 ¹)
484 4053 587 4107 Versus
606 4057 649 4106 cst
669 4072 703 4108 ex
722 4055 812 4124 Ennii,
833 4073 904 4126 quae
917 4057 1116 4132 Andromacha
1134 4056 1305 4124 inscribitur,
1326 4057 1482 4127 tragoedia

351 4136 488 4204 Ribbeck,
507 4139 604 4206 fragm.
620 4141 706 4207 trag.²
719 4141 763 4207 IX,
776 4141 794 4193 4
813 4159 838 4195 v.
853 4144 886 4195 77
904 4142 950 4194 vel
963 4143 1078 4210 Vahlen,
1093 4141 1211 4196 Ennian.
1225 4159 1302 4210 poce.
1317 4144 1365 4197 rel.
1380 4145 1426 4197 alt.
1441 4142 1480 4196 ed.

350 4236 415 4290 pag.
433 4220 482 4274 131
501 4223 598 4291 fragm.
612 4223 655 4277 88.
1341 4224 1343 4227 ’

336 4345 338 4348 -
443 4305 465 4371 ²)
484 4308 522 4360 Cf.
537 4309 688 4377 Baehrens
708 4309 775 4363 Rev.
796 4311 830 4364 de
849 4311 915 4379 phil.
930 4313 962 4380 X,
975 4312 1018 4366 80.

445 4390 466 4455 ³)
486 4392 557 4445 Secl.
578 4393 711 4447 Halmius
