3228 5268
302 455 346 509 De
368 451 492 522 Gregorii
510 449 684 506 Nazianzeni
702 449 877 506 orationibus
896 450 1071 509 funebribus,
1218 448 1259 511 63

119 632 268 692 mortuus
293 631 328 691 et
347 625 519 705 auditores,
539 623 628 705 quod
646 622 759 704 serius,
778 640 874 702 quam
897 627 1023 708 tempus
1042 627 1259 714 postulaverit,

120 732 183 796 hoc
198 731 314 795 officio
331 729 494 810 fungatur,
517 727 560 792 Et
575 727 709 811 exponit
724 731 829 790 orator
843 746 956 792 causas
972 729 1051 813 illas,
1068 750 1147 812 quas
1163 735 1258 798 modo

118 835 160 917 (p.
170 835 225 915 59)
233 833 387 897 disserui.
401 830 462 895 Sed
473 832 663 915 priusquam
673 829 714 893 ad
721 828 851 894 landem
858 831 959 913 ipsam
972 833 1111 915 accedat,
1120 833 1182 900 Dei
1186 855 1258 919 gra-

118 938 197 1000 tiam
210 937 275 1001 sibi
286 933 519 1017 implorandam
533 952 604 998 esse
620 933 712 1015 dicit,
739 952 782 996 ne
809 934 952 998 oratione
965 935 1099 1018 gloriam
1112 937 1258 1004 defuncti

119 1042 247 1104 minuat
263 1039 317 1104 vel
336 1036 461 1101 laedat:
486 1035 557 1114 ‘liba
575 1038 611 1100 δὲ
625 1037 707 1115 πρὸ(
726 1036 825 1112 αὐτὴν
842 1036 912 1114 ἡμῖν
928 1037 1012 1101 ἰτέον
1028 1041 1085 1116 τήν
1101 1039 1256 1119 εὐφημίαν

117 1142 219 1209 adrev
236 1140 503 1223 προσιηεαμένοιε
517 1142 577 1202 τοῦ
593 1139 692 1214 λόγου
707 1139 764 1202 τὸν
782 1139 902 1204 ἐκείνου
919 1140 1006 1222 θεόν,
1023 1143 1064 1220 μή
1080 1143 1256 1221 καθυβρίειιι

115 1245 176 1309 τὸν
189 1243 298 1322 ἄνδρα
314 1248 381 1307 τοῑε
406 1242 567 1320 ἐγκωμίοις
583 1243 661 1319 μηδὲ
676 1243 758 1304 πολὺ
775 1241 923 1320 δεύτερον
939 1248 1004 1307 τῶν
1021 1242 1125 1307 ἄλλων
1141 1243 1256 1310 ἐλθεῖν·

116 1348 178 1412 κᾶν
202 1348 328 1412 ἐκείνου
357 1345 473 1410 πάντες
502 1345 569 1409 ἴτον
593 1344 847 1426 ἀπολειπώμεθα,
871 1341 1013 1423 καθάπερ
1038 1345 1180 1425 οὐρανοῦ
1208 1353 1257 1414 καὶ

116 1451 247 1530 ἡλιακῆς
273 1449 403 1513 ἀκτῖνος
427 1448 456 1512 οἱ
478 1449 561 1524 πρὸε
583 1446 663 1510 αὐτὰ
681 1447 891 1529 sarronae)
915 1450 977 1533 (cp.
996 1450 1035 1531 2).

208 1551 420 1616 Laudatio:

207 1659 341 1733 γένοεε
362 1655 492 1720 Summa
511 1659 578 1718 arte
594 1654 682 1717 hunc
697 1654 800 1718 τόπον
816 1653 991 1736 Gregorius
1011 1661 1138 1736 naemu
1164 1659 1256 1740 quasi

115 1763 321 1844 praeteriens
341 1759 428 1823 enim
447 1758 540 1822 dicit:
570 1760 598 1821 si
616 1758 757 1822 Basilius
778 1777 896 1841 genere
916 1776 975 1822 suo
996 1760 1148 1842 gloriatus
1164 1768 1255 1845 esset,

114 1859 1256 1948 magnumheroumcatalogumsibiproferendumiuisse,cumparentes

116 1968 255 2051 etpatris
266 1965 419 2030 etmatris
427 1962 1058 2045 summagloriamaximisqnehonoribus
1069 1965 1256 2031 floruissent

116 2069 341 2151 omnibusque
369 2067 432 2131 illis
459 2067 642 2131 fabularum
669 2067 823 2131 heroibus
850 2071 887 2130 ut
908 2067 1021 2152 Pelopi
1044 2069 1097 2134 vel
1120 2068 1256 2155 Cecropi

115 2173 366 2257 praestitissent.
385 2170 614 2236 SedBasilium
626 2171 796 2254 postulare,
813 2176 850 2234 ut
864 2171 1062 2236 nobilitatem
1076 2193 1140 2237 non
1154 2174 1256 2256 gloria

115 2278 293 2358 maiorum,
325 2274 383 2338 sed
410 2275 587 2338 virtutibus
615 2275 823 2356 moribusque
851 2275 1051 2358 singulorum
1078 2275 1254 2357 hominum,

116 2381 171 2462 qui
194 2379 385 2459 laudentur,
409 2379 588 2441 metiamur.
613 2377 719 2454 Quare
742 2397 847 2460 pauca
869 2383 994 2441 tantum
1017 2379 1057 2442 de
1080 2379 1254 2443 maioribus

115 2487 212 2565 atque
236 2479 433 2565 parentibus
456 2480 601 2544 locutum
625 2481 663 2544 ad
687 2480 800 2544 Basilii
822 2482 924 2565 ipsius
947 2481 1073 2544 laudem
1091 2499 1125 2546 se
1141 2482 1255 2545 transi·

115 2589 226 2648 turum
252 2601 327 2648 esse
352 2583 412 2665 (cp.
430 2583 471 2663 4).

206 2686 373 2769 Sequitur
394 2686 465 2750 laus
488 2687 659 2766 maiorum,
684 2686 812 2750 laudem
830 2685 983 2764 εὐεεβείαε
1006 2688 1150 2750 omnium
1169 2707 1255 2750 com·

114 2810 250 2855 munem
268 2790 390 2867 fuisso;
414 2791 553 2853 maiores
563 2809 638 2853 vero
654 2809 720 2853 non
740 2807 779 2852 ea
795 2788 834 2851 do
851 2808 947 2853 causa
962 2809 997 2853 se
1013 2790 1201 2873 laudavisse,
1217 2796 1255 2855 ut

115 2894 247 2960 laudem
261 2892 379 2956 Basilii
395 2896 535 2975 augeret,
552 2891 609 2956 sed
623 2897 661 2956 ut
676 2893 915 2974 demonstraret,
932 2894 1040 2975 qualia
1054 2895 1182 2959 virtutis
1198 2913 1255 2958 ex-

117 2996 223 3080 empla
236 2998 394 3078 parentes
412 2995 442 3058 ei
460 2994 684 3077 praebuissent
700 2996 733 3059 et
748 2999 944 3080 quantopere
957 3015 1011 3060 eos
1030 2999 1253 3080 superavisset.

115 3098 231 3182 Neque
256 3098 349 3162 enim
363 3095 523 3160 Basilium
537 3097 573 3159 in
589 3098 690 3178 gloria
709 3099 868 3161 maiorum
884 3100 1092 3182 acquievisse,
1115 3100 1172 3164 sed
1188 3100 1255 3164 suis

208 3233 229 3304 ¹)
251 3231 294 3286 Cf.
310 3229 397 3284 etiam
407 3231 493 3284 finem
504 3246 546 3298 cp.
559 3230 589 3283 1:
609 3229 642 3284 ‘el
657 3232 689 3283 δέ
699 3232 829 3283 πλεῑετον
843 3232 1045 3298 ἀπολειφθεῑεν
1054 3231 1101 3301 (sc.
1114 3231 1141 3284 οἱ
1153 3231 1253 3302 λόγοι),

116 3319 226 3372 baden
250 3317 359 3371 παθεῖν
383 3317 490 3382 ἀνάγκη
509 3317 571 3368 τοῖς
595 3316 702 3370 ἐκεῖνον
726 3316 953 3386 ἐγκωμιαζουαν,
979 3319 1054 3385 ἔργῳ
1079 3318 1254 3382 δεδηλωκότι

114 3404 166 3470 τὴν
176 3403 271 3470 ἧτταν
283 3401 354 3454 κτλ.’
370 3400 422 3468 Qui
432 3401 523 3453 τόπα(
534 3396 674 3467 octaceoc
684 3400 847 3455 tritissimus
857 3402 1038 3472 omniumque
1049 3401 1254 3470 epitaphiorurn

115 3490 279 3545 communis
298 3489 357 3542 hac
376 3487 505 3542 oratione
524 3501 599 3541 nova
618 3486 745 3557 procedit
768 3487 868 3556 forma,
893 3503 956 3542 curn
981 3491 1076 3542 orator
1094 3487 1182 3541 Deum
1201 3488 1253 3542 im-

114 3576 212 3645 ploret,
232 3577 267 3630 ut
289 3571 346 3626 sibi
366 3571 524 3625 subveniat.
554 3572 596 3624 Ex
615 3571 776 3641 aequalium
798 3571 1008 3626 laudationibus
1031 3573 1154 3641 afferam,
1178 3574 1253 3642 quod

114 3659 265 3729 Nyssenus
294 3655 366 3711 dicit
391 3661 461 3711 orat.
480 3657 515 3709 ΠΙ
537 3655 567 3709 in
589 3657 635 3710 XL
658 3660 772 3724 martyr.
796 3656 897 3725 (Migne
914 3656 958 3725 46,
984 3658 1037 3710 773
1055 3656 1099 3725 C):
1126 3657 1198 3721 ‘tuot
1221 3659 1253 3712 δέ

114 3747 266 3812 πρόκειται
287 3746 409 3797 διπλοῦ(
428 3744 508 3807 ἀγὼν
527 3742 572 3796 καὶ
584 3745 656 3810 δέος,
678 3743 717 3808 μή
741 3741 902 3809 καθυβρίειυ
925 3744 974 3808 μὲν
993 3743 1046 3809 τήν
1065 3743 1197 3796 ὑποθετιν
1216 3750 1251 3813 τῃ

115 3831 245 3901 ἀτθενείᾳ
271 3833 327 3896 τῆ(
351 3828 532 3896 ἐξηγήεεωδ;
557 3828 591 3883 cl.
611 3829 738 3883 eiusdem
761 3827 905 3882 orationes
924 3828 955 3882 in
972 3829 1170 3897 Ephraemium
1189 3844 1252 3883 ora·

114 3916 283 3987 lienemque
304 3914 336 3967 in
349 3913 492 3968 Basilium.
512 3913 602 3982 Atque
621 3916 712 3970 tacete
725 3912 860 3967 Libanius
879 3914 910 3967 in
922 3913 1023 3967 Iuliani
1036 3913 1177 3982 epitaphio
1190 3911 1206 3980 ἓ
1218 3913 1251 3967 4:

114 3999 165 4054 ‘del
191 4003 245 4068 μέν
266 3999 323 4053 οῦν
348 3998 438 4062 ἔγωγε
456 3999 508 4050 τὸν
533 3999 623 4065 ἄνδρα
640 4002 746 4051 τοῦτον
770 3997 906 4063 ἐγχειρῶν
930 3996 1112 4062 ἐγκωμίαζειν
1135 3998 1252 4050 ἔλαττον

116 4085 201 4153 εὗρον
221 4087 296 4140 τοὺς
317 4084 404 4148 ἐμοὺς
422 4084 527 4147 λόγου(
546 4088 598 4136 τοῦ
620 4083 757 4151 μεγέθους
775 4087 836 4135 τῶν
856 4083 950 4149 ἔργων
969 4079 1014 4133 καὶ
1035 4081 1152 4145 μάτοὺε
1167 4079 1253 4132 θεοὺς

116 4166 312 4225 οὐδεπώποτε
326 4168 466 4235 ἢχθέεθην
480 4167 503 4221 εἰ
518 4167 604 4235 φίλου
619 4169 753 4238 βατιλέιυε
763 4164 850 4235 ἀρετὴ
865 4169 953 4236 νικῴη
967 4167 1020 4233 τήν
1032 4172 1085 4221 τοῦ
1097 4169 1253 4234 φιλοῦντοε

116 4261 252 4322 εοφιετοῦ
268 4254 410 4319 δύναμιν.
431 4253 471 4307 cf.
485 4252 597 4310 Aristid.
611 4254 709 4310 XXXII
721 4253 739 4305 4
752 4254 782 4306 K.
793 4284 828 4292 —
840 4253 968 4308 Ceterum
982 4251 1026 4305 dei
1038 4249 1204 4322 imprecatio
1215 4250 1253 4304 ad

116 4343 233 4412 antiqua
259 4339 394 4407 exempla
417 4339 510 4394 redire
533 4339 653 4410 videtur,
677 4355 750 4410 quac
769 4343 866 4394 tamen
889 4339 962 4394 alius
984 4338 1121 4410 orationis
1139 4333 1254 4404 generis

117 4432 181 4482 sunt
198 4428 246 4495 (of.
267 4423 383 4480 initium
400 4423 543 4478 Demosth.
563 4425 597 4480 de
618 4425 686 4494 cor.)
