3240 5252
13 293 20 534 l
126 463 214 548 [195]
382 513 384 516 Α
569 467 667 522 Studia
687 467 824 521 Tulliana.
1217 461 1259 523 35

126 643 195 706 locis
217 643 328 706 eadem
353 641 540 704 contentione
562 646 722 704 aterentnr
744 638 904 724 crebroque
922 645 1085 720 motarent,
1109 657 1262 704 nonnam-

126 767 219 830 qnam
235 748 334 810 etiom
350 743 395 807 ad
409 742 594 806 cotidianam
608 763 705 828 penas
719 745 866 807 sermonis
881 743 1071 807 accederent:
1093 745 1156 826 ipae
1171 763 1262 807 nnm-

126 869 218 935 qnam
242 849 282 912 ah
306 847 365 911 illa
389 847 541 909 acerrima
563 849 754 911 contentione
777 844 984 911 discederem?
1018 844 1142 908 Pariter
1164 849 1260 927 atque

124 951 212 1014 illam
233 953 252 1032 ξ
273 951 339 1013 109
360 949 446 1012 hanc
469 967 595 1030 quoque
620 951 639 1029 ξ
657 950 678 1011 4
698 967 889 1032 componere
912 948 1057 1012 volueret
1080 947 1201 1030 Cicero,
1225 955 1263 1012 ut

126 1054 200 1117 talia
223 1055 296 1118 fere
321 1052 522 1134 legerentur:
548 1052 601 1116 An
623 1055 658 1118 in
680 1055 775 1137 poetis
798 1073 860 1116 non
878 1052 1016 1117 Homero
1039 1053 1096 1116 ooli
1112 1053 1193 1116 locas
1210 1059 1261 1134 est,

124 1163 160 1222 nt
177 1158 215 1222 de
237 1157 371 1221 Graecis
393 1155 504 1240 loqnar
524 1163 580 1219 ant
598 1155 779 1220 Archilocho
802 1162 858 1219 ant
877 1155 1016 1240 Sophocli
1039 1163 1094 1220 ant
1112 1153 1261 1237 Pindaro,

13 1289 15 1344 p
71 1249 72 1252 ¹
124 1261 176 1325 sed
198 1259 316 1324 horam
341 1259 386 1322 oel
408 1258 546 1322 amandis
568 1259 612 1322 nel
629 1260 722 1322 etiam
744 1257 837 1339 infra
854 1259 1015 1323 secandos:
1038 1261 1074 1322 in
1091 1257 1263 1322 oratorihna

13 1435 14 1460 ,
121 1366 245 1448 primos
268 1369 397 1427 tantam
420 1382 455 1424 ac
472 1360 711 1445 perfectissimos
732 1361 1015 1446 comprobabimus?
1042 1361 1111 1438 Qua
1135 1365 1263 1425 senteu-

125 1467 245 1529 tiarum
264 1465 495 1529 coniunctione
517 1483 574 1546 per
589 1482 623 1528 so
643 1466 747 1547 posita
762 1463 811 1526 ‘fit
829 1466 863 1526 in
879 1465 1113 1548 interrogando,
1130 1470 1166 1528 ut
1181 1464 1263 1528 duae

13 1633 14 1648 ,
123 1587 175 1632 res
191 1571 361 1651 ponantur
377 1570 409 1630 et
425 1566 464 1630 de
480 1571 616 1649 utreque
633 1568 848 1649 interrogetur
863 1568 923 1633 hac
941 1569 983 1650 vi,
1006 1573 1051 1650 ut,
1076 1588 1151 1632 cum
1165 1569 1264 1632 altera

124 1676 201 1735 nota
225 1672 278 1752 sit,
304 1669 347 1752 id,
373 1668 457 1751 quod
482 1669 521 1733 de
546 1689 584 1734 ea
603 1669 734 1752 dicatur,
759 1669 798 1733 de
819 1670 919 1734 altera
937 1671 1033 1734 etiam
1049 1670 1114 1735 dici
1129 1689 1263 1735 necesse

13 1765 14 1778 ¹
124 1775 174 1856 sit,
200 1793 280 1838 cum
304 1777 413 1836 tamen
437 1773 516 1836 haec
540 1774 708 1854 utriusque
732 1773 909 1838 sententiae
938 1775 1018 1836 ratio
1043 1776 1075 1837 et
1098 1773 1263 1838 conclusio

123 1877 214 1941 nulla
229 1875 400 1961 particula,
416 1875 504 1938 nullo
522 1876 651 1938 omnino
668 1875 831 1958 vocabulo,
849 1876 905 1940 sed
921 1876 987 1939 sola
999 1877 1150 1940 orationis
1161 1876 1264 1939 forma

124 1978 387 2063 significetur'1).
427 1977 469 2040 ut
499 1978 539 2041 ad
570 1978 649 2042 haec
678 1978 866 2042 illustranda
897 1979 1132 2060 conferantum)
1162 1979 1263 2061 ipsius

126 2082 275 2146 Oratoris
301 2084 320 2162 ξ
343 2082 423 2143 142:
452 2080 518 2145 Cnr
540 2084 640 2166 ipitnr
661 2084 711 2146 ins
728 2083 813 2147 ciaile
836 2082 939 2147 docere
961 2102 1078 2166 semper
1095 2080 1264 2166 pnlchrnm

124 2186 190 2268 fnit
213 2186 438 2269 hominnmqno
460 2185 701 2248 clarissimorum
718 2173 1064 2270 discipaliitlornernnt
1081 2186 1203 2250 domas:
1221 2185 1265 2248 ad

124 2291 296 2354 dicendam
321 2290 350 2351 si
372 2289 440 2372 qnia
462 2294 554 2351 acnat
578 2337 584 2349 .
605 2335 612 2349 .
634 2337 640 2350 .
665 2290 856 2369 inventutem,
885 2287 1100 2372 oitnperetnr?
1132 2287 1179 2350 De
1205 2286 1264 2350 fin.

124 2391 143 2454 l.
159 2392 184 2473 I,
204 2393 268 2454 12:
295 2390 350 2453 Aa
369 2395 485 2473 portas
502 2390 633 2454 ancillae
650 2392 728 2454 sitne
745 2393 780 2453 in
793 2390 904 2472 fmntn
918 2389 1081 2471 hohendns,
1098 2391 1266 2455 disseretur

123 2497 208 2559 inter
218 2494 386 2579 principes
401 2494 531 2556 civitatis
547 2541 553 2553 .
567 2542 573 2555 .
587 2541 594 2554 .
608 2542 613 2555 .
627 2515 652 2555 .:
671 2493 751 2573 haec,
768 2514 845 2577 qnae
860 2497 953 2557 altam
970 2513 1086 2557 omnem
1102 2495 1263 2573 continent,

124 2593 357 2683 neplepentnr?
380 2592 420 2676 Il,
438 2595 497 2658 88:
521 2595 576 2658 An
599 2595 685 2659 dolor
704 2595 898 2680 lanpiesimns
915 2599 1040 2682 qnisqne
1059 2598 1265 2660 miserrimas:

124 2701 315 2785 voluptatem
340 2718 402 2761 non
425 2697 634 2782 optabiliorem
657 2698 854 2763 dintnrnitas
874 2697 976 2782 facit?
999 2697 1049 2761 Ex
1074 2699 1134 2762 hoe
1158 2703 1266 2762 autem

122 2821 247 2886 genere
273 2801 451 2864 sententias
475 2800 631 2882 iungendi
656 2806 724 2863 orta
748 2806 797 2864 est
819 2801 1039 2882 ἀνακολουθία,
1070 2821 1165 2883 quam
1189 2801 1265 2866 huic

124 2905 274 2969 Oratoris
291 2903 364 2966 loco
380 2903 487 2966 inesse
504 2902 580 2965 dixi.
604 2903 687 2965 Nam
701 2904 787 2966 inter
802 2905 941 2985 primum
954 2903 1152 2986 alterumque
1168 2904 1265 2968 huius

123 3014 313 3072 structurae
342 3003 532 3086 membrum,
561 3005 593 3066 id
623 3008 671 3069 est
698 3005 782 3069 iuter
804 3007 953 3083 πρόταειν
981 3007 1078 3088 atque
1102 3007 1264 3088 hnioocw,

123 3131 209 3193 quae
235 3110 364 3172 Graece
390 3107 549 3189 dicuntur,
573 3108 678 3170 fusius
698 3111 794 3189 atque
811 3108 971 3190 copiosius
988 3109 1127 3190 explicat
1141 3108 1265 3172 Tullius

123 3233 169 3296 ea,
196 3231 285 3296 quae
310 3209 423 3292 paucis
447 3210 553 3273 verbis
573 3211 776 3294 expositurus
801 3216 876 3294 oret,
900 3211 1025 3292 aliaque
1050 3212 1103 3274 dat
1121 3211 1265 3276 eiusdem

121 3319 171 3381 rei
197 3312 363 3396 exempla.
398 3311 550 3376 Dicturus
575 3315 660 3376 euim
684 3332 748 3376 non
772 3313 867 3377 modo
891 3320 1064 3396 poetarum,
1089 3313 1145 3378 sed
1169 3316 1265 3378 etiam

121 3425 293 3483 oratoriun
314 3435 370 3479 eos
391 3434 518 3497 quoquo
534 3416 669 3498 probari,
695 3416 750 3498 qui
773 3417 838 3478 sint
854 3414 987 3480 secundi
1002 3416 1054 3480 vel
1070 3419 1163 3480 etiam
1180 3417 1265 3480 infra

122 3523 302 3604 secundae,
329 3517 440 3581 dilatat
456 3520 648 3582 sententiam
664 3519 768 3582 animo
787 3524 972 3601 conceptum
989 3518 1142 3602 additque
1158 3538 1264 3601 neque

122 3646 188 3708 eos,
215 3625 276 3707 qui
302 3623 337 3684 in
357 3621 557 3704 philosophia
571 3623 678 3684 minus
695 3621 862 3701 valuerint,
878 3626 1047 3704 propterea
1061 3643 1080 3684 a
1095 3622 1264 3686 scribendo

122 3729 301 3794 deterritos
315 3742 386 3788 esse
402 3743 507 3806 neque
520 3724 661 3806 opifices,
680 3724 735 3806 qui
754 3743 913 3787 summum
930 3725 1060 3806 assequi
1075 3745 1139 3789 non
1152 3728 1264 3808 potue-

120 3835 198 3914 rint,
216 3829 347 3894 idcirco
360 3825 467 3889 minus
481 3833 629 3908 expertos
644 3846 722 3908 esse,
739 3847 802 3908 quo
815 3832 945 3911 possent
957 3829 1113 3910 progredi.
1136 3828 1224 3905 Quae
1237 3830 1265 3892 si

222 4015 240 4084 ¹)
260 4012 350 4065 Hisce
374 4009 467 4064 verbis
492 4028 555 4066 eam
579 4011 712 4079 explanat
731 4011 887 4080 Madvigius
907 4011 937 4064 in
955 4012 1101 4066 Emendat.
1120 4012 1150 4064 in
1170 4011 1226 4064 Cic.
1246 4012 1264 4064 l.

122 4103 158 4157 de
179 4102 234 4170 leg.
257 4103 288 4152 et
309 4094 391 4149 acad.
411 4111 472 4164 pag.
487 4099 529 4151 39.
554 4098 642 4166 Quem
661 4097 787 4150 libellum
806 4100 836 4151 ut
855 4097 891 4150 ad
911 4097 1071 4166 opinionem
1090 4113 1183 4152 meam
1201 4113 1264 4165 pro-

121 4187 252 4242 bandam
264 4181 443 4248 adhiberem,
453 4181 712 4248 Reitzensteinium,
724 4180 769 4235 cui
779 4181 815 4234 ob
828 4181 921 4236 studia
933 4198 997 4235 mea
1008 4183 1131 4237 excitata
1141 4186 1168 4236 et
1181 4184 1265 4236 aucta

121 4287 270 4327 summam
292 4264 387 4320 habeo
406 4266 534 4335 gratiam,
552 4283 596 4320 me
615 4265 759 4320 monuisse
779 4270 858 4335 grato
878 4267 1013 4321 confiteor
1031 4267 1133 4322 animo.
1258 4273 1262 4280 '

217 4357 240 4425 ²)
261 4350 404 4418 Exempla
423 4351 471 4404 illa
490 4351 584 4406 attulit
601 4349 758 4422 Madvigius
776 4352 794 4404 l.
808 4352 826 4406 l.

1127 4465 1182 4525 13*
