3240 5252
392 487 433 550 10
835 491 954 546 Petrus
973 490 1065 560 Rem,
1435 479 1517 566 [170]

390 664 609 728 conclamante
628 662 821 728 Sabbadinio
832 665 863 746 ¹),
889 663 1040 745 equidem
1057 682 1115 746 pro
1135 667 1223 726 certo
1244 663 1350 726 habeo
1371 682 1415 746 ea,
1441 683 1517 744 quae

388 767 611 849 Heerdegenio
635 771 849 850 opponuntur,
869 766 989 830 iniuria
1008 766 1135 848 opponi,
1156 766 1191 828 ut
1215 785 1300 847 quae
1320 767 1391 848 ipse
1415 765 1518 830 docuit

388 871 416 932 si
440 869 547 932 minus
571 874 665 952 certa
689 874 721 932 at
744 873 849 933 tamen
873 869 942 933 veri
965 868 1081 932 similia
1104 868 1282 931 videantur.

479 971 632 1036 Codicum
648 971 834 1035 mutilorum
851 976 915 1036 toto
937 991 954 1035 e
971 990 1105 1035 numero
1125 1009 1168 1017 -
1184 970 1433 1054 Heerdegenius
1449 973 1516 1054 qui-

387 1074 461 1138 dem
476 1074 606 1156 triginta
620 1079 744 1156 septem
761 1078 935 1156 enumerat,
952 1073 986 1137 in
1003 1073 1120 1156 quibus
1133 1074 1283 1138 omnibus
1300 1094 1367 1137 uno
1385 1079 1516 1156 excepto

387 1175 502 1240 Orator
521 1176 691 1239 adiunctus
711 1180 760 1240 est
773 1175 821 1240 De
841 1181 964 1241 oratore
985 1176 1075 1239 libris
1092 1213 1134 1222 —
1152 1175 1296 1258 quinque
1317 1176 1372 1240 hio
1389 1175 1516 1240 laudare

386 1280 496 1360 veiim,
521 1277 597 1360 quia
625 1278 862 1343 contentionem
885 1278 1044 1361 quandam
1070 1278 1296 1342 excitaverunt
1323 1279 1410 1342 inter
1432 1281 1515 1342 viros

386 1385 505 1449 doctos,
530 1384 612 1447 Sunt
627 1389 732 1447 autem
750 1383 909 1448 emendati
925 1389 1022 1466 atque
1038 1383 1222 1466 interpolati
1237 1384 1368 1466 generis
1387 1385 1421 1446 hi
1437 1389 1513 1448 tres:

475 1487 499 1550 Ι.
523 1486 689 1549 Parisinus
714 1488 810 1566 7750,
833 1486 1110 1566 membranaceum
1134 1505 1217 1548 anno
1244 1487 1330 1548 1417
1357 1491 1514 1568 exaratae,

385 1610 403 1652 a
420 1588 532 1652 Carolo
549 1587 707 1670 Stephano
723 1589 758 1651 in
774 1589 923 1653 editionis
937 1589 1156 1653 Tullianorum
1172 1607 1306 1670 operum
1322 1596 1397 1652 tom.
1409 1589 1442 1671 1.,
1460 1591 1513 1672 qui

383 1691 502 1775 prodiit
526 1711 608 1755 anno
634 1692 728 1772 1554,
750 1691 891 1774 collatus,
914 1693 1024 1773 itaque
1048 1691 1161 1755 ‘Vetus
1189 1691 1354 1775 Stephani’
1384 1699 1513 1756 vocatus

383 1794 513 1876 (Heerd.
538 1805 575 1855 n0
600 1794 662 1874 29).

471 1896 512 1960 II.
537 1895 704 1960 Gudianus
726 1898 744 1959 2
770 1897 1000 1978 (uberrimi),
1025 1896 1296 1977 membranaceus,
1321 1916 1404 1961 saec.
1423 1897 1511 1961 XIV.

384 2005 543 2080 exaratus,
560 2019 578 2062 a
593 1998 721 2063 Kleinio
737 2001 772 2062 in
788 1998 964 2081 appendice
980 1996 1130 2061 editionis
1144 1997 1365 2063 Goellerianae
1382 1999 1511 2062 collatus

383 2101 511 2182 (Heerd.
535 2113 573 2164 n⁰
591 2102 653 2182 31).

471 2205 528 2268 ΠΙ.
552 2204 757 2288 Erlangensis
774 2206 837 2268 303
857 2204 945 2285 (olim
965 2205 1027 2285 39),
1047 2204 1321 2286 membranaceus,
1342 2224 1423 2270 saec.
1440 2206 1508 2269 XV.

382 2312 541 2388 exaratus,
561 2307 726 2370 mutilatus
746 2328 764 2370 a
783 2307 941 2390 principio
961 2313 993 2371 et
1009 2307 1168 2390 incipiens
1187 2328 1205 2370 a
1225 2309 1243 2390 ᾗ
1263 2309 1341 2372 10οε
1363 2309 1511 2374 subtiliter

380 2417 409 2474 et
424 2411 488 2474 otto
501 2413 639 2496 praviter
654 2410 788 2489 (excidit
804 2410 889 2474 enirn
904 2429 1005 2472 unum
1021 2409 1201 2490 folium²));
1222 2410 1363 2491 primum
1380 2411 1509 2474 collatus

380 2531 400 2576 a
414 2512 647 2576 OaroloBeiero
660 2513 695 2575 in
707 2512 882 2595 appendice
895 2512 1043 2576 editionis
1053 2510 1231 2577 Oreliianae
1244 2533 1270 2575 a.
1284 2514 1371 2576 1830
1385 2520 1508 2578 curatae

381 2620 413 2679 et
436 2615 554 2678 maiore
579 2635 653 2679 cum
676 2615 840 2698 diligentia
863 2636 882 2679 a
901 2615 1080 2680 Christiano
1099 2615 1266 2679 Hoernero
1292 2616 1327 2678 in
1351 2636 1508 2681 commen-

379 2718 498 2780 tatione
522 2717 681 2799 gymnasii
704 2717 870 2800 Bipontini
894 2739 920 2782 a.
939 2721 1025 2783 1878
1049 2719 1175 2800 (Heerd.
1195 2731 1233 2781 n0
1252 2721 1314 2801 32).

471 2819 636 2883 Accedant
658 2819 790 2883 alterius
812 2821 939 2904 generis
963 2821 997 2882 hi
1020 2821 1098 2886 duo:
1373 2830 1376 2836 ’

468 2921 523 2984 IV.
547 2921 782 2986 Laurentianus
798 2923 829 2987 S.
847 2923 949 2986 Marci
966 2924 1039 3005 262,
1055 2923 1327 3006 membranaceus,
1343 2944 1425 2990 saec.
1438 2925 1506 2988 XV.

377 3030 528 3091 exaratus
540 3025 624 3109 (Lag.
637 3038 675 3088 n0
690 3028 752 3109 13),
766 3048 786 3090 a
798 3026 939 3111 Stanglio
951 3027 1081 3091 litteral
1093 3027 1237 3109 signatus
1250 3027 1382 3109 (Heerd.
1395 3041 1432 3092 n0
1447 3031 1504 3110 18).

468 3127 506 3189 V.
529 3126 732 3190 Florentinus
746 3127 1058 3210 Magliabecchianus
1074 3127 1126 3210 VI,
1145 3130 1218 3211 185,
1235 3131 1504 3213 membranaceae,

376 3250 460 3294 anno
491 3230 576 3292 1418
602 3219 763 3311 exaratus,
793 3251 812 3293 a
840 3229 981 3313 Stangiio
1009 3230 1116 3294 littera
1143 3251 1174 3293 m
1204 3233 1350 3314 signatus
1379 3234 1503 3317 (Heerd.
1592 3250 1593 3302 ἶ

375 3343 415 3396 n⁰
437 3333 490 3414 19)
500 3334 531 3414 3).
1452 3346 1454 3352 '

466 3434 569 3511 Quem
598 3441 773 3516 utrumque
800 3435 944 3518 inspexit
971 3437 1188 3502 Detlefsenius
1217 3444 1250 3502 et
1278 3439 1447 3525 descripsit
1471 3441 1503 3503 in
1592 3429 1593 3515 1

376 3539 643 3602 commentatione
668 3525 767 3602 ‘Uber
790 3539 841 3604 die
856 3540 1147 3604 mittelalterlichen
1163 3540 1390 3608 Bibliotheken
1406 3544 1436 3608 N
1437 3543 1504 3607 ord·
1592 3519 1593 3594 1

374 3639 521 3721 italiens'‚
551 3660 632 3722 quae
657 3642 705 3704 est
728 3641 762 3703 in
785 3643 864 3706 actis
887 3642 1124 3727 philologorum
1148 3650 1329 3710 conventus
1354 3647 1503 3712 Kiliensis
1592 3661 1593 3688 ³

374 3763 401 3806 a.
421 3744 505 3806 1869
522 3763 591 3825 pag.
610 3745 682 3808 106.
712 3744 834 3820 Quodsi
858 3746 985 3811 codices
1002 3768 1034 3809 m
1051 3752 1084 3812 et
1105 3747 1117 3809 l
1139 3748 1291 3831 ponderis
1308 3753 1417 3834 magni
1436 3769 1502 3815 esse
1592 3755 1593 3758 ’

465 3933 485 4000 1)
503 3932 565 3986 Riv.
585 3932 614 3987 di
631 3934 668 3988 fil.
688 3933 778 4004 (1888)
796 3935 862 4002 XVI,
884 3934 944 3988 100.

466 4016 487 4084 ⁹)
506 4017 642 4072 Hoerneri
660 4035 750 4088 progr.
770 4019 879 4087 Bipont.
900 4035 962 4088 pag.
977 4023 1001 4074 5.

466 4100 487 4168 8)
505 4099 668 4155 Wilkinsius
688 4117 798 4171 quoque
817 4101 936 4156 duorum
953 4104 1082 4159 codicum
1102 4107 1212 4160 illorum
1232 4107 1386 4176 scripturas
1405 4109 1501 4164 litteris

372 4201 400 4238 rn
422 4188 449 4237 et
467 4185 477 4236 l
497 4184 622 4252 signatas
642 4189 741 4255 quater
755 4186 909 4254 adnotavit,
930 4204 1100 4259 quamquam
1119 4191 1193 4245 inter
1212 4192 1302 4262 ‘sigla’
1320 4195 1500 4263 praemiserat

372 4268 518 4405 sidit&
536 4269 697 4422 &podices
720 4271 833 4325 mutilos
852 4272 1024 4327 recentiores
1048 4273 1222 4342 signaturum
1242 4293 1305 4332 esse
1324 4278 1369 4348 (ci.
1390 4279 1423 4348 ἐξ
1442 4279 1498 4344 103,

374 4354 435 4418 1,
510 4395 516 4421 ,
602 4394 606 4406 .
