3240 5252
134 467 216 558 [213]
559 481 656 536 sium
674 478 810 536 suriana.
1202 471 1243 540 53

133 651 204 715 haec
214 652 380 717 scribenda
396 651 645 716 commendavit:
670 653 754 732 Quid
765 653 867 718 dicum
883 653 920 718 dc
942 661 1058 719 παίωνα
1074 675 1179 720 rerum
1197 706 1243 719 ...

129 755 164 818 de
184 755 321 837 moine,
344 753 405 824 <dc
420 753 527 841 quotie
541 753 644 822 nidd>
666 759 732 820 sim
746 757 844 820 multo
859 759 1122 844 earumipsarum
1139 771 1244 823 rmum

129 855 285 942 disciplina
307 866 362 922 aad
385 857 449 922 dcci
470 865 524 921 cut
546 855 681 944 intedepi
697 857 817 942 potest?
840 857 1004 942 Stanglius
1019 859 1126 923 locum
1146 859 1246 925 edidit

28 969 30 1054 j
128 959 183 1022 ita:
214 960 296 1040 Quid
322 959 472 1044 [dicamli
502 960 550 1025 De
573 968 689 1025 notura
716 982 822 1026 rerum
925 963 1111 1026 anomalia
1138 975 1245 1028 comm

127 1063 261 1146 ipsorum
276 1083 383 1128 remim
406 1063 569 1148 disciplina
591 1069 647 1127 ont
669 1063 732 1128 dici
754 1071 809 1128 nat
831 1063 964 1150 inteltcpi
981 1059 1135 1149 potostlit
1158 1065 1247 1129 Voll-

25 1215 26 1250 ἕ
127 1161 250 1227 behrius
266 1167 407 1247 genuina
418 1164 518 1229 fuisse
531 1167 726 1250 opinatur¹):
752 1165 836 1246 Quid
851 1167 951 1231 ddum
963 1168 1001 1232 de
1013 1175 1128 1232 amaru
1140 1181 1245 1233 rerum

200 1267 236 1331 de
259 1269 417 1333 mnibus?
443 1267 516 1332 Sine
537 1269 635 1333 ouilia
657 1289 765 1333 caram
788 1268 929 1354 ipsarum
953 1289 1059 1334 rernm
1083 1271 1247 1356 disciplina

126 1376 177 1433 cod
191 1369 253 1434 dici
274 1370 376 1447 (illc)
394 1377 449 1434 cut
464 1371 599 1456 intellepi
608 1371 752 1456 petasii)
775 1370 814 1433 In
827 1369 991 1435 Wilirinsii
1008 1373 1147 1454 denique
1165 1383 1248 1436 novt

124 1471 259 1537 editione
276 1473 367 1556 lego:
393 1473 476 1553 Quid
497 1475 599 1538 dnum
621 1473 659 1538 de
681 1481 798 1538 notura
820 1493 927 1538 remim
951 1475 1067 1540 ...de
1089 1476 1247 1540 moritus?

123 1572 327 1657 <Sodsna>⁴)
350 1579 416 1640 sim
443 1577 540 1640 multa
567 1595 675 1640 carum
702 1579 844 1661 ipsorum
871 1597 976 1641 rerum
1005 1578 1249 1662 discipliceant

124 1677 183 1742 dici
199 1686 254 1742 ont
272 1679 409 1764 intellepi
420 1679 542 1763 potest?
566 1677 722 1741 Omnibus
738 1679 808 1741 istis
822 1679 1018 1743 coniecturis
1034 1679 1144 1762 obstat,
1159 1680 1248 1762 quod

123 1777 221 1842 Tullio
251 1782 316 1844 iam
341 1780 446 1843 insius
477 1779 517 1844 de
540 1785 655 1844 netum
681 1795 791 1845 rerum
814 1780 922 1844 locuto
946 1778 999 1846 hic
1024 1781 1249 1864 distinguendo

123 1887 195 1945 sunt
217 1903 264 1966 ea,
289 1901 374 1965 quae
399 1887 492 1947 antea
515 1883 605 1964 dixit
630 1881 669 1946 ab
693 1885 748 1965 eie,
773 1901 856 1965 quae
880 1900 964 1946 nova
987 1884 1167 1966 prolaturus
1189 1889 1247 1948 est.

124 1983 190 2060 Qua
212 2002 247 2050 re
270 1985 404 2068 cognite
426 1985 564 2049 incisum
586 1985 735 2050 desidero
751 1991 824 2068 post
838 1999 951 2050 vocem
968 1987 1119 2071 coptom⁶t
1142 2001 1249 2069 neque

121 2088 382 2170 amplificationis
392 2089 416 2167 6)
438 2087 608 2151 tonnulam
630 2087 707 2170 iero,
731 2106 827 2169 quam
851 2107 869 2152 e
892 2087 983 2151 libris
1006 2105 1104 2151 mauu
1122 2089 1249 2172 scriptis

120 2197 280 2274 receptam
296 2191 422 2273 respuit
436 2191 668 2254 sententiarum
683 2208 797 2272 nexus,
813 2203 919 2272 neque
935 2208 1021 2273 vero,
1037 2209 1132 2274 quam
1148 2191 1249 2275 Saup-

120 2293 190 2375 pius
223 2293 303 2374 vult
340 2292 575 2375 praeteritionis
606 2293 738 2356 restituo
769 2291 948 2375 tonnulam,
980 2313 1062 2376 quae
1093 2292 1249 2358 uocabulo

116 2397 212 2480 ploro
234 2402 311 2480 post
334 2411 510 2478 pronomen
533 2395 610 2481 qnid
623 2395 794 2459 inserendo
811 2387 956 2459 efficitur
971 2395 1022 2460 vel
1038 2398 1143 2479 potius
1159 2409 1250 2478 prae-

119 2499 285 2580 positionis
310 2498 382 2562 loco
407 2517 483 2562 oum
497 2497 635 2561 eblafivo
650 2500 844 2562 coniunctae
862 2501 1046 2563 accusativo
1062 2498 1248 2562 scribendo:

119 2603 194 2687 qaid
224 2604 333 2667 dicam
367 2608 515 2665 acturam
550 2601 714 2683 reunsi)
747 2600 901 2664 Neutrtus
931 2601 1088 2664 termulae
1118 2601 1171 2664 hic
1201 2605 1252 2664 est

115 2703 212 2786 locun,
230 2705 388 2786 quoniam
400 2703 522 2766 Tullius
534 2704 597 2766 iam
609 2703 736 2767 locutus
749 2709 796 2767 est
811 2703 849 2768 de
860 2711 977 2768 nonna
989 2723 1103 2769 oerum.
1120 2701 1250 2767 Nullam

114 2805 212 2889 igitur
239 2807 308 2870 nisi
333 2804 545 2869 revocationis
572 2799 741 2869 formulam
769 2805 922 2888 triciono,
949 2823 1015 2888 qua
1038 2795 1191 2879 officinm,
1214 2812 1253 2868 ut

112 2911 251 2993 scriptor
282 2908 417 2990 longius
445 2905 607 2972 disserens
636 2907 858 2971 difficultatem
888 2908 958 2971 sine
985 2907 1188 2991 philosophia
1212 2906 1252 2970 de

113 3011 209 3077 rebus
241 3011 394 3096 physicis
423 3009 520 3092 digno
546 3009 730 3093 proterendi
758 3025 793 3074 se
816 3012 954 3091 revocet,
984 3013 1085 3074 utne
1110 3008 1150 3072 de
1173 3009 1256 3070 coti-

204 3183 223 3249 ¹)
238 3179 399 3236 Verborum
409 3193 482 3246 quae
489 3181 555 3232 sunt
562 3179 619 3230 dici
627 3181 654 3232 et
661 3178 785 3244 {melloni
792 3177 949 3232 subiectum
958 3178 1102 3246 quoddam
1112 3174 1256 3232 desidem.

202 3267 223 3336 ²)
242 3267 289 3322 Ad
313 3263 358 3319 Or.
376 3259 443 3316 Tull.
463 3261 552 3331 symb.
570 3261 629 3317 crit.
644 3279 704 3332 pag.
721 3263 753 3316 11
772 3277 830 3332 sqq.

201 3353 223 3421 h)
242 3349 289 3406 Ad
312 3361 376 3402 eam
400 3347 562 3416 opinionem
580 3347 730 3416 perductus
754 3352 797 3402 est
815 3344 989 3402 vonoehnns
1013 3345 1118 3404 ¹<relicto
1142 3337 1182 3399 ne
1203 3341 1258 3414 leg.

108 3433 126 3490 l.
140 3437 158 3504 l,
173 3435 222 3492 50:
247 3433 328 3502 Quid
340 3445 403 3485 vero
415 3429 448 3485 de
461 3431 600 3499 modestia,
612 3434 680 3501 quid
694 3435 729 3485 de
740 3424 931 3501 tonpcrontio,
944 3435 1013 3500 quid
1025 3433 1059 3486 dc
1077 3433 1258 3501 concinentia,

107 3523 177 3590 qaid
194 3523 230 3575 de
247 3519 429 3584 verecundia,
438 3519 546 3585 pudore
560 3519 750 3587 munitioque
762 3519 902 3571 dicemus?
923 3517 1102 3584 Infamiccac
1115 3520 1188 3571 metu
1202 3531 1259 3571 non

107 3624 164 3662 aaa
180 3609 356 3678 petulantes,
375 3619 414 3656 an
426 3604 518 3670 lepum
535 3611 560 3656 et
578 3605 767 3657 ficticiorum?
785 3603 821 3658 m
839 3603 878 3656 ibi
897 3603 1093 3675 interrogandi
1106 3600 1256 3674 particulis

108 3694 188 3748 verbi
209 3690 399 3748 iterationem
417 3688 505 3742 multo
523 3687 679 3742 faciliorem
698 3688 758 3742 lieri
777 3687 907 3758 neglexit.

200 3778 224 3847 ⁴)
247 3777 364 3830 Satisne
376 3771 445 3827 illud
454 3770 617 3827 Wilkinsius
632 3773 741 3842 accepit
758 3790 773 3828 e
788 3771 887 3842 Reidii,
901 3772 935 3826 de
951 3790 1006 3843 quo
1020 3773 1114 3828 stetim
1132 3773 1249 3849 dicetur,

106 3868 361 4018 propqditilrimus
381 3943 426 3998 hic
446 3941 545 3998 incidit
563 3943 728 3997 Schuetzius
747 3944 777 3997 in
797 3936 839 3998 ed.
858 3959 919 4011 pag.
934 3937 994 3998 156.

200 4037 223 4105 ⁶)
245 4029 486 4102 Amplificationis
513 4034 540 4083 et
565 4029 773 4098 praeteritionis
797 4027 929 4084 formulas
954 4030 997 4083 sui
1021 4029 1127 4084 similes
1150 4031 1251 4089 distin-

105 4124 238 4193 guendas
260 4135 329 4175 esse
349 4117 422 4170 bene
441 4112 536 4170 docuit
553 4115 640 4170 Maur.
654 4115 818 4184 Seyffertius
837 4116 867 4169 in
885 4115 977 4170 Schol.
992 4116 1081 4171 Latin.
1101 4115 1120 4183 1,
1133 4116 1169 4170 46
1189 4135 1249 4190 sqq.

202 4205 223 4277 τ)
244 4201 393 4260 Facillime
413 4199 488 4254 enim
513 4200 672 4270 corruptela
690 4201 780 4269 potuit
799 4200 865 4256 oriri
885 4216 930 4267 ee,
957 4198 1031 4268 quod
1051 4194 1086 4253 ob
1105 4203 1249 4270 proxima:

103 4294 137 4347 de
163 4295 233 4359 vita,
261 4289 296 4343 de
322 4287 435 4355 officiis,
457 4285 490 4338 de
514 4287 622 4351 virtute,
644 4286 677 4338 de
698 4287 820 4339 moribus
843 4283 954 4354 scripsit
981 4284 1081 4353 aliquis
1104 4287 1190 4341 etiam
1217 4293 1251 4344 de

105 4387 215 4433 natura
236 4392 345 4430 rernm.
