3228 5268
223 539 224 542 ,
317 483 360 536 De
381 481 507 551 Gregorii
525 480 700 536 Nazianzeni
719 481 894 537 orationibus
912 483 1083 538 funebribus
1227 480 1266 542 17

130 653 239 730 λογίαν
261 658 368 736 vocat,
393 655 430 716 in
453 653 520 717 fine
544 652 697 717 orationis
719 653 891 737 invenitur,
916 659 953 717 ut
975 654 1060 738 apud
1083 655 1268 721 Isocratem.

129 755 235 820 Huius
260 762 374 820 autem
402 757 668 840 compositionem
691 775 730 820 ea
756 776 792 821 re
816 759 1034 822 Anaximenes
1058 759 1156 839 auxit,
1181 760 1268 842 quod

128 864 199 941 post
221 858 357 922 laudem
381 859 540 942 pueritiae
559 857 688 942 laudern
711 859 947 924 adulescentiae
969 861 1113 924 inseruit.
1141 860 1268 926 Deinde

127 961 257 1026 laudem
277 964 396 1026 aetatis
413 962 514 1025 virilis
533 962 643 1025 divisit
657 963 692 1024 in
711 963 853 1046 singulas
869 965 1014 1046 virtutes,
1030 963 1069 1026 ad
1086 983 1165 1045 quas
1183 964 1269 1028 iacta

128 1071 158 1128 et
190 1085 290 1149 opera
322 1065 596 1145 accommodavit3
632 1086 727 1148 quam
760 1066 864 1130 laudis
890 1065 1026 1130 formam
1059 1085 1169 1130 omnes
1198 1066 1268 1132 fere

125 1169 271 1233 rhetores
315 1168 513 1250 posteriores
557 1166 719 1250 praebent.
760 1168 884 1245 Quibus
918 1169 1083 1251 Isocrates
1123 1188 1196 1233 cunr
1230 1171 1267 1233 in

126 1269 299 1353 ‘Euagora’
341 1270 481 1353 primam
517 1269 709 1334 laudationis
744 1269 879 1334 formam
914 1276 1065 1354 mutaret,
1101 1273 1146 1336 ita
1179 1274 1266 1338 viam

124 1375 319 1454 muniverat,
336 1376 377 1435 ut
390 1370 479 1434 facta
493 1372 604 1435 aetatis
621 1372 723 1435 virilis
741 1392 806 1436 non
830 1374 1008 1437 secundum
1033 1380 1184 1458 tempora,
1208 1378 1265 1440 sed

123 1495 174 1540 res
199 1477 401 1559 disponeret.
426 1512 469 1518 —
493 1474 630 1538 Prorsus
653 1494 729 1538 vero
753 1495 869 1539 novam
893 1476 1084 1559 disponendi
1108 1479 1265 1543 rationem

123 1580 273 1662 sequitur
295 1578 531 1659 Anaximenes,
556 1597 620 1659 qua
643 1577 682 1640 ab
706 1578 855 1642 omnibus
887 1578 1064 1643 oratoribus
1096 1585 1129 1644 et
1157 1583 1265 1647 rheto-

121 1683 212 1746 ribus
237 1679 511 1746 antecedentibus
527 1679 645 1743 difiert.
683 1680 797 1762 Neque
814 1682 901 1744 enim
915 1681 1000 1745 facta
1014 1682 1176 1746 laudanda
1193 1703 1263 1750 esse

122 1786 223 1859 docet,
241 1785 302 1849 sed
321 1785 423 1846 bona
439 1787 601 1846 externa
623 1784 678 1864 (τὰ
699 1783 768 1849 ἔξω
792 1787 857 1861 τῆς
880 1784 1026 1867 ἀρετῆς)
1043 1790 1081 1848 et
1098 1787 1264 1853 virtutes

120 1889 173 1970 (τὰ
207 1888 247 1952 ἐν
273 1887 370 1968 αὐτῇ
402 1893 443 1968 τῇ
475 1885 639 1968 ἀρετῇ)]).
676 1885 765 1962 Quae
792 1886 951 1950 bonorum
973 1890 1102 1970 partitio
1137 1891 1171 1952 in
1199 1909 1262 1955 usu

119 1992 393 2074 philosophorum
416 1989 503 2051 illius
519 1990 629 2054 aetatis
645 1992 746 2054 tuisse
762 1991 897 2055 videtur.
921 1993 1139 2058 Vehementer
1155 2000 1262 2060 autem

120 2100 204 2158 errat
225 2092 419 2176 lpfelkoter,
444 2093 500 2173 qui
524 2092 688 2156 contendit
711 2095 795 2158 hanc
810 2096 1013 2178 partitionem
1029 2115 1071 2160 ex
1086 2098 1260 2163 Aristotele

119 2201 282 2280 sumptam
308 2213 392 2276 esse,
417 2214 492 2257 cum
509 2197 699 2260 Aristoteles
718 2199 884 2260 materiam
898 2217 1057 2281 nusquam
1072 2199 1106 2261 in
1123 2199 1186 2264 duo
1205 2201 1261 2264 illa

118 2300 279 2364 bonorum
296 2316 421 2381 genera
435 2298 640 2380 partiatur²);
657 2317 764 2380 neque
780 2301 938 2382 tripertita
952 2300 1008 2364 illa
1020 2301 1144 2375 divisio,
1162 2322 1260 2384 quam

117 2405 349 2466 Anaximenes
373 2400 534 2482 inprime
558 2403 710 2463 tractatus
739 2403 842 2484 capite
866 2403 997 2485 praebet
1023 2404 1133 2486 (ςῶμα,
1162 2407 1258 2490 ψυχή,

118 2505 285 2586 ἐπίκτητα),
312 2503 483 2566 Aristoteli
511 2502 570 2565 soli
598 2503 801 2567 attribuenda
827 2507 882 2587 est,
906 2505 1114 2588 quodetiam
1135 2508 1258 2572 Wend-

115 2607 244 2672 landius
266 2605 458 2690 significare
479 2605 607 2668 videtur
625 2603 746 2690 (Herm.
763 2606 916 2671 XXXIX
935 2608 1047 2694 [1904]
1074 2612 1157 2693 533),
1183 2632 1259 2675 cum

115 2711 174 2774 iam
193 2711 283 2793 apud
297 2709 471 2773 Platonem
489 2709 674 2772 inveniatur
683 2710 713 2790 Β).
738 2710 860 2774 Iterum
877 2712 978 2794 igitur
996 2713 1143 2778 videmus
1162 2735 1256 2798 argu-

114 2821 263 2878 mentum
287 2819 389 2895 atque
412 2811 549 2874 formam
571 2811 789 2876 laudationum
819 2834 949 2896 prorsus
974 2816 1113 2898 pendere
1138 2818 1177 2881 ab
1204 2819 1254 2902 iia,

114 2937 195 2999 quae
223 2935 359 3000 quaque
384 2917 487 2978 aetate
509 2914 678 2996 florebant,
702 2916 817 2980 studiis
841 2918 1077 3002 philosophicis.

205 3060 225 3128 ¹)
248 3056 530 3126 Spengel-Hammer,
550 3058 619 3112 rhet.
639 3073 731 3126 graec.
751 3059 806 3127 12,
826 3060 869 3127 80,
890 3061 932 3114 11.

203 3145 225 3213 ²)
245 3145 279 3197 In
294 3143 369 3196 duas
384 3141 457 3195 alias
469 3145 563 3209 partes
573 3143 677 3196 dirimit
690 3143 766 3198 bona
775 3145 941 3199 Aristoteles
951 3145 1020 3199 rhet.
1031 3147 1077 3215 15,
1089 3147 1190 3202 13600
1203 3150 1254 3206 23;

112 3229 197 3282 ὀὕτω
222 3231 282 3294 γὰρ
308 3228 345 3280 ἂν
371 3226 594 3292 αὐταρκέςτατος
619 3229 670 3297 εἴη,
695 3228 718 3282 εἰ
741 3230 866 3295 ὑπάρχοι
890 3231 967 3298 αὐτῷ
990 3232 1030 3283 τὰ
1052 3232 1076 3283 τ’
1102 3232 1136 3284 ἐν
1160 3233 1253 3304 αὐτῷ

111 3315 162 3368 καὶ
180 3316 223 3368 τὰ
244 3314 349 3366 ἐκτὸς
370 3311 497 3374 ἀγαθά·
518 3313 553 3364 οὐ
565 3314 621 3379 γάρ
637 3314 709 3366 ἐςτιν
723 3316 793 3368 ἄλλα
806 3317 885 3381 παρὰ
897 3320 994 3369 ταῦτα.
1021 3317 1077 3369 ἕςτι
1090 3318 1113 3369 δ’
1129 3317 1158 3369 ἐν
1172 3319 1251 3389 αὐτῷ

112 3401 161 3464 μὲν
179 3401 216 3453 τὰ
235 3398 307 3464 περὶ
327 3396 426 3462 ψυχήν
445 3396 543 3450 καὶτὰ
562 3391 592 3450 ἐὺ
612 3399 727 3468 ςὼματι,
747 3401 800 3455 ἔξω
821 3401 845 3453 δ’
866 3401 992 3464 εὐγένεια
1010 3402 1085 3454 κτλ.’.

200 3485 223 3554 ⁵)
246 3484 315 3538 Cic.
332 3481 446 3535 Tuscul.
462 3482 485 3535 V
500 3483 548 3536 30:
576 3483 639 3538 ‘tria
658 3501 762 3553 genera
779 3486 925 3555 bonorum,
948 3486 1072 3540 maxima
1089 3486 1185 3556 animi,
1208 3505 1253 3542 sa-

109 3571 202 3624 cunda
223 3567 367 3637 eorporis,
393 3570 510 3621 externa
529 3569 621 3637 tertia,
644 3573 675 3624 ut
693 3571 880 3640 Peripatetici,
905 3589 967 3626 nec
991 3573 1095 3626 multo
1114 3577 1252 3629 veteres

108 3654 315 3709 Academici
341 3653 459 3705 secus’.
496 3652 674 3722 Tripertitam
697 3655 865 3710 divisionem
890 3657 1005 3725 praehet
1029 3658 1098 3712 Plat.
1123 3660 1192 3727 legg.
1216 3660 1252 3714 Ill

108 3740 191 3794 667Β
212 3758 245 3795 c:
276 3738 386 3802 ’ἀγαθὰ
408 3736 474 3803 περὶ
496 3740 549 3805 τὴν
569 3741 672 3809 ψυχήν,
697 3741 763 3807 περὶ
786 3744 820 3795 τὸ
845 3747 937 3810 ςῶμα,
962 3741 1028 3808 περὶ
1051 3744 1104 3808 τήν
1129 3743 1250 3812 οὐςίαν’;

108 3828 191 3895 atque
211 3827 244 3880 in
266 3826 341 3879 duas
364 3826 458 3892 partes
477 3823 576 3879 dividit
595 3826 670 3880 bona
689 3826 765 3880 idem
784 3830 864 3881 autor
889 3829 956 3896 legg.
977 3828 989 3880 Ι
1007 3828 1059 3881 631
1073 3829 1109 3881 Β;
1139 3829 1183 3880 ’τὰ
1202 3831 1250 3881 ἀν-

108 3913 261 3977 θρωπινά·
282 3908 386 3976 ὑγίεια,
401 3909 509 3978 κάλλος,
524 3909 606 3978 ἰςχύς,
619 3915 752 3979 πλοῦτος,
765 3915 801 3965 τὰ
815 3913 846 3965 δὲ
860 3915 937 3965 θεῖα·
959 3914 1104 3983 φρόνηςις,
1119 3914 1250 3979 ςὼφρων

107 3997 166 4064 ἕξις,
192 3995 373 4061 δικαιοςύνη,
398 3993 523 4061 ἀνδρία’;
548 3997 582 4050 ci.
607 3997 687 4064 epist.
707 3997 753 4052 Vll
775 3999 829 4051 355
847 3999 868 4050 B
892 4003 919 4052 et
943 3999 1020 4067 Diog.
1038 3999 1129 4052 Laert.
1144 3999 1178 4052 lll
1197 3999 1249 4068 803

106 4081 228 4152 Zeller,
251 4079 426 4136 Geschichte
446 4079 496 4133 der
514 4080 616 4148 griech.
631 4081 929 4151 Philosophie⁴11437
943 4100 1019 4153 seqq.
1049 4084 1126 4151 Quae
1146 4082 1249 4139 divisio

106 4183 154 4233 per
173 4185 261 4222 omne
282 4181 411 4234 sequens
430 4170 540 4234 tempus
553 4168 677 4221 valuisse
690 4167 809 4222 videtur.
830 4168 962 4221 Nicolaus
982 4169 1077 4221 rhetor
1094 4167 1249 4224 ePlatonis

105 4251 235 4307 Phaedro
257 4269 289 4307 se
310 4267 378 4305 eam
397 4249 512 4304 novisse
532 4251 606 4321 dicit,
626 4252 675 4306 uhi
694 4269 753 4306 non
772 4257 863 4308 exstat
881 4251 1018 4321 (Spengel,
1032 4253 1073 4304 rh.
1092 4269 1130 4321 gr.
1145 4252 1248 4308 111477

107 4337 138 4389 cl.
158 4337 235 4392 inira
255 4355 301 4406 pg.
313 4333 370 4403 31).
394 4335 538 4388 Invenitur
558 4341 651 4391 autern
671 4338 746 4405 apud
758 4337 948 4407 Aphthonium
961 4338 1005 4405 (cl.
1020 4337 1093 4391 inira
1106 4354 1148 4406 pg.
1160 4336 1205 4406 30)
1220 4344 1249 4396 et

107 4420 259 4490 Syrianam
279 4420 382 4492 (Walz,
402 4419 472 4472 rhet.
493 4436 584 4487 graec.
599 4422 631 4476 lV
646 4421 718 4490 738.)

157 4545 210 4599 ΧΠ,
225 4546 246 4590 1.
1121 4531 1137 4582 2
