3270 5250
356 550 376 611 8
790 557 917 610 Robert
940 557 1057 623 Bloch,
1400 549 1485 634 [270]

446 727 560 808 ltaque
580 727 619 790 ad
639 727 873 791 enarrationem
892 728 1127 810 perveniamus.
1163 727 1308 810 Lycinus
1327 730 1486 813 proiectus

357 831 560 910 Antiochia¹)
584 830 625 893 ad
648 831 771 893 ltaliam
795 831 976 894 adeundam
1001 832 1035 893 in
1058 831 1195 894 insulam
1217 831 1368 894 Rhodum
1392 835 1485 915 venit,

355 934 412 996 ubi
436 933 667 1014 Chariclesll
691 932 915 996 Corinthius
941 938 973 996 et
996 933 1302 1016 Callicratidas2)
1326 936 1486 999 Atheni·

356 1037 458 1099 ensis
487 1037 516 1098 ei
545 1034 671 1098 obviam
698 1034 788 1097 ibant
810 1037 930 1117 (6-8),
954 1035 1008 1099 ille
1038 1036 1233 1118 muliebri,
1262 1038 1316 1100 hic
1345 1037 1486 1121 puerili

355 1204 422 1257 dum
441 1204 560 1257 contulit
582 1205 792 1258 Sommerbrodt
818 1206 861 1274 (Ω,
881 1203 916 1272 ⁵21,
939 1205 963 1272 Γ)
982 1207 1065 1260 haec:
1086 1203 1161 1269 Ἐγὼ
1187 1211 1259 1269 γοὺν
1279 1207 1311 1259 ἐξ
1331 1207 1485 1269 ὑπογύου

353 1291 415 1352 τῆ(
442 1289 690 1355 ἐπιχειρή(εω(
715 1290 871 1356 ἡψάμην,
897 1289 998 1342 εἰδὼ(
1023 1291 1075 1342 ὅτι
1094 1290 1171 1344 λίαν
1191 1291 1258 1344 ἀλλ’
1280 1293 1318 1344 οὑ
1343 1295 1485 1344 παλαιά(

355 1377 420 1429 κτλ.
441 1375 519 1443 Quae
533 1390 647 1428 sensum
659 1391 719 1429 non
733 1375 869 1443 praebere
888 1375 1067 1443 perspicuum
1086 1375 1207 1430 videtur.
1227 1376 1355 1430 lacebitz
1376 1376 1486 1446 scripsit

355 1458 439 1512 εἰδὼ(
450 1460 493 1511 ὅτι
509 1458 571 1512 λίαν
585 1459 753 1512 (πουδαία
765 1460 794 1513 id
807 1459 882 1528 quod
892 1459 922 1512 in
935 1463 1043 1513 textum
1056 1460 1163 1528 recepit
1176 1460 1389 1515 Sommerbrodl
1404 1477 1484 1515 cruce

353 1543 403 1598 illa
416 1544 513 1610 affixa,
534 1544 593 1612 ipse
608 1544 730 1599 coniecit
742 1544 813 1598 haee
832 1543 955 1613 (ρ.162);
973 1543 1047 1607 Ἐγὼ
1066 1549 1138 1608 γοῦν
1156 1549 1209 1610 τῆ(
1228 1546 1344 1612 ἐπιχειρ.
1359 1547 1411 1611 ἡψ.
1426 1547 1485 1598 οὑκ

355 1629 389 1681 ἐκ
408 1632 555 1682 παλαιοῦ
575 1630 646 1682 ἀλλ’
667 1631 699 1684 ἐξ
718 1630 882 1696 ὑπογύου,
903 1629 985 1682 εἰδὼ(
1005 1631 1047 1682 ὅτι
1067 1630 1130 1683 λίαν
1150 1635 1247 1684 (πουδ.
1270 1633 1314 1699 ἐξ,
1337 1633 1424 1686 ὅτου.
1440 1675 1444 1685 ,
1460 1673 1484 1684 ..

354 1715 409 1777 ἔχω
430 1714 470 1768 ita
487 1714 699 1783 interpretatus:
729 1716 798 1782 ‘Epo
817 1717 854 1766 αά
873 1732 930 1766 rem
948 1719 1048 1768 accessi
1067 1732 1123 1768 non
1142 1717 1209 1768 olim
1227 1717 1267 1785 (ἐκ
1286 1716 1421 1785 παλαιοῦ)
1440 1718 1485 1768 sed

353 1815 444 1866 nuper
462 1799 500 1868 (ἐξ
519 1799 659 1868 ὑπογύου)
676 1801 869 1866 pravissimam
888 1817 947 1852 eam
967 1817 1022 1853 ease
1041 1803 1149 1854 edoctus
1168 1819 1202 1854 ea
1221 1820 1273 1870 quo
1287 1809 1408 1870 tempore
1419 1805 1485 1854 duos

253 1897 257 1904 ’
353 1886 427 1937 νίνου
439 1901 505 1952 quoe
522 1885 612 1937 adhuc
630 1887 762 1937 memoria
779 1891 862 1951 teneo,
882 1886 995 1950 fortiter
1012 1887 1185 1953 disputarem
1203 1889 1316 1941 audioi'.
1336 1888 1413 1942 Haec
1427 1887 1484 1955 qui-

354 1970 417 2023 dem
431 1970 494 2023 ideo
507 1970 573 2023 ferri
585 1986 643 2023 non
656 1973 782 2038 possunt,
802 1969 876 2039 quod
894 1969 999 2023 locutio
1018 1971 1050 2023 ἐξ
1062 1971 1159 2035 ὑπογ.
1174 1988 1232 2025 non
1252 1976 1328 2026 recte
1342 1973 1484 2026 intellecta

352 2055 475 2121 videtum
495 2060 591 2109 noster
612 2056 687 2109 enim
705 2055 830 2108 imitatus
849 2058 892 2108 est
910 2055 1001 2108 hunce
1020 2055 1147 2110 Platonis
1165 2055 1360 2126 (reuulsae)
1381 2058 1483 2112 locum:

353 2139 528 2207 ‘Tabrdc01',
548 2141 605 2206 ἔφη
621 2139 680 2208 (scl.
696 2138 873 2207 Pausanias),
894 2139 943 2191 ”ὼ(
963 2139 997 2191 ἐκ
1015 2145 1076 2192 τοὺ
1095 2144 1314 2208 παραχρῆμα,
1330 2143 1354 2195 ὠ
1370 2143 1483 2208 Φαῖδρε,

353 2225 418 2292 περί
437 2223 568 2292 Ἔρωτα(
594 2226 795 2291 (υμβάλλομαι’
819 2224 863 2294 (cf.
890 2225 977 2279 etiam
996 2228 1141 2279 auctorem
1164 2225 1228 2292 περὶ
1246 2227 1341 2291 ύψου(
1356 2227 1390 2281 18
1403 2244 1428 2295 p.
1442 2227 1483 2295 42,

352 2313 433 2381 20sq.
454 2312 599 2380 Vahlen³).
627 2312 717 2379 Atque
744 2311 804 2380 ipse
828 2312 870 2364 vir
894 2312 994 2364 doctus
1018 2312 1099 2364 affert
1118 2327 1151 2364 ex
1169 2315 1266 2366 nostro
1285 2313 1382 2365 libello
1401 2312 1447 2381 (50
1459 2329 1482 2381 p.

351 2395 415 2463 456)
435 2396 518 2451 haec:
540 2397 600 2450 Οὑκ
613 2398 640 2452 ἐξ
653 2397 792 2463 ὑπογύου,
814 2395 897 2463 φημί,
918 2395 962 2448 καί
975 2395 1222 2460 παρημελημένα(
1239 2396 1315 2463 ὑμῖν,
1330 2397 1354 2448 ὠ
1370 2397 1481 2464 ἑταῖροι,

351 2484 387 2534 τά
405 2486 465 2534 τῶν
484 2482 580 2546 λόγων
600 2483 689 2536 ἔοικεν
710 2483 928 2547 ἀπε(χεδιά(ὑαι,
943 2484 1091 2546 διηνεκοὺ(
1104 2481 1135 2532 δὲ
1148 2479 1192 2531 καί
1206 2480 1240 2546 νή
1256 2477 1298 2533 Δι’
1317 2481 1483 2546 ἐρρωμένη(

353 2561 509 2628 φροντίδο(
536 2558 640 2629 ἐναργῆ
667 2564 744 2616 ταῦτ’
772 2564 843 2616 ἐετιν
868 2563 939 2627 ἴχνη.
969 2560 1043 2615 Nihil
1068 2560 1145 2614 aliud
1168 2560 1253 2628 igitur
1277 2561 1437 2629 significare
1457 2563 1482 2616 ἐξ

351 2647 481 2710 ὑπογύου
492 2647 547 2701 nisi
559 2649 603 2700 ‘ex
614 2649 748 2717 tempore'
758 2649 803 2701 vel
814 2647 908 2701 ‘illico'
918 2648 980 2701 luce
992 2645 1096 2700 clarius
1107 2647 1239 2714 sequitur.
1250 2646 1309 2701 Hoc
1319 2650 1414 2701 autem
1422 2647 1481 2700 loco

350 2736 446 2786 noster
466 2733 610 2786 sanandus
632 2738 681 2787 est.
701 2733 838 2802 Lycinum
857 2732 932 2785 enim
951 2731 1044 2785 dicere
1064 2748 1094 2784 se
1113 2731 1206 2798 ipsum
1225 2732 1304 2785 dere
1319 2731 1483 2786 difficillima

351 2835 386 2871 ex
399 2821 523 2886 tempore
537 2818 679 2886 disputare
699 2819 775 2871 nolle
789 2817 871 2871 facile
885 2816 1062 2884 intellegitur.
1083 2817 1179 2883 ltaque
1191 2816 1253 2870 Keil
1265 2817 1482 2886 negationem

351 2902 505 2957 desiderari
528 2903 559 2956 in
582 2904 676 2957 verbis
700 2903 810 2957 traditis
833 2903 949 2956 monuit.
979 2903 1074 2970 Neque
1163 2901 1216 2966 οὑχ
1235 2901 1358 2967 ἡψάμην
1378 2907 1481 2956 rectum

352 3003 414 3040 esse
428 2991 527 3058 potest,
547 2989 597 3042 sed
621 3005 656 3042 ex
675 2989 812 3044 enuntiati
832 2988 973 3043 sententia
992 2988 1075 3042 modo
1096 2990 1198 3042 statuta
1217 2987 1360 3056 flagitatur
1380 2989 1431 3041 ούκ
1449 2990 1482 3040 ἂν

351 3072 478 3138 ἡψάμην.
499 3075 530 3127 ln
543 3078 662 3127 παλαιά(
676 3090 787 3143 ηυοηυο
801 3077 908 3128 rectum
923 3073 1028 3142 aliquid
1042 3075 1130 3127 latere
1143 3088 1227 3126 nemo
1241 3076 1284 3126 est
1298 3073 1368 3141 quin
1380 3075 1481 3141 videat,

351 3157 490 3226 siquidem
509 3160 661 3227 respondet
679 3162 826 3226 διηνεκοὺ(
844 3161 889 3213 vel
904 3159 1078 3225 ἐρρωμένη(Ι
1092 3159 1180 3213 Porro
1193 3159 1281 3213 verba
1295 3161 1354 3212 ἀλλ’
1370 3160 1404 3212 ού
1419 3176 1481 3213 con·

350 3243 440 3298 tinere
460 3249 620 3313 corruptum
639 3250 723 3313 atque
742 3244 945 3313 transpositum
964 3243 1034 3298 illud
1054 3244 1106 3296 οὑκ
1125 3245 1160 3296 ἂν
1180 3248 1288 3298 certum
1309 3261 1371 3298 esse
1395 3244 1482 3299 credi·

351 3330 447 3384 derim.
467 3329 680 3384 Substantirum
698 3331 782 3399 igitur
801 3330 951 3398 requiritur
970 3331 1033 3384 loco
1052 3331 1257 3384 vocabulorum
1277 3330 1336 3383 ἀλλ’
1359 3331 1406 3398 ού,
1429 3330 1481 3384 hoc

350 3416 438 3470 fuisse
454 3415 611 3481 φροντίδο(
626 3417 679 3482 vel,
699 3415 723 3470 si
743 3416 805 3485 quis
825 3416 964 3470 rationem
983 3415 1248 3484 palaeographicam
1275 3415 1480 3484 respiciendam

351 3518 414 3555 esse
434 3504 539 3568 censet,
557 3502 673 3567 μελέτη(
687 3501 840 3555 verisimile
859 3501 984 3565 videtur;
1005 3499 1077 3552 ἐ(τίν
1097 3499 1180 3553 facile
1200 3499 1369 3554 subauditur
1388 3505 1416 3554 et
1432 3517 1481 3552 πα-

351 3589 428 3640 λαιά(
448 3587 689 3654 transponendum
709 3590 751 3640 est
774 3589 838 3654 post
857 3584 926 3638 λίαν.
955 3584 1103 3638 Nonnullis
1129 3583 1212 3652 igitur
1236 3584 1481 3638 emendationibus

350 3671 380 3724 in
398 3675 476 3726 textu
495 3687 552 3724 non
572 3671 750 3725 mediocriter
770 3674 901 3738 corrupto
925 3668 1058 3723 admissis
1077 3669 1148 3722 haec
1166 3668 1295 3736 legerim:
1316 3667 1392 3732 Ἐγὼ
1412 3673 1480 3732 γοὺν

352 3756 383 3810 ἐξ
400 3756 558 3819 ὑπογύου
577 3759 638 3820 τῆ(
657 3756 904 3820 ἐπιχειρήαω(
924 3755 985 3807 οὑκ
1004 3755 1042 3805 ἂν
1062 3754 1203 3819 ἡψάμην
1224 3752 1316 3806 είδὼ(
1337 3755 1391 3807 ὅτι
1408 3753 1479 3808 λίαν

351 3844 495 3894 παλαιά(
516 3842 659 3906 μελέτη(
679 3840 734 3909 (vel
755 3839 929 3907 ψροντίδο(),
950 3840 978 3894 ἐξ
998 3840 1067 3891 ὅτου
1157 3837 1221 3900 ἔχω.

444 3927 462 3996 1)
481 3927 574 3994 lpsum
593 3941 697 3979 nomen
715 3925 798 3979 nobis
818 3941 877 3978 non
896 3924 971 3992 dicit,
993 3924 1043 3977 sed
1063 3923 1123 3976 eius
1142 3922 1280 3975 itinerarii
1300 3923 1411 3977 ratione
1433 3925 1479 3976 ha-

351 4010 410 4064 bita
428 4009 664 4063 verisimillimum
683 4012 726 4064 est
745 4010 823 4064 illam
843 4010 942 4063 urbem
961 4009 1090 4077 spectari.

437 4092 458 4162 2)
478 4094 550 4161 Quid
564 4093 688 4148 sentiant
701 4094 735 4147 de
755 4110 859 4162 amore,
881 4095 1010 4148 homines
1023 4093 1154 4147 videntur
1166 4091 1292 4146 indicare
1306 4094 1478 4157 nominibus;

351 4194 417 4231 nam
441 4178 544 4246 hospes
569 4177 730 4232 Corinthius
753 4183 809 4233 stat
833 4197 851 4234 a
874 4179 1001 4247 partibus
1021 4179 1136 4244 χάριτο(
1154 4175 1326 4232 feminarum
1346 4177 1391 4246 (cf.
1411 4178 1477 4231 Plut.

352 4266 435 4316 amat.
449 4265 474 4329 5,
485 4263 579 4331 751d),
593 4263 772 4317 Atheniensis
786 4264 912 4318 defendit
924 4281 1075 4332 puerorum
1089 4265 1201 4329 κάλλο(;
1215 4264 1291 4330 quod
1301 4264 1369 4318 huic
1379 4277 1478 4317 nomen

352 4351 394 4400 est
401 4348 616 4413 Καλλικρατίδα(
624 4364 683 4401 non
690 4379 724 4386 —
733 4352 793 4415 δηε,
802 4347 910 4402 simodo
917 4348 997 4402 libris
1005 4348 1074 4401 fides
1083 4346 1214 4401 habenda
1223 4351 1273 4416 est,
1284 4345 1477 4414 aurbepacrlac

352 4431 487 4499 originem
507 4432 637 4485 Doricam
655 4431 776 4486 forsitan
794 4431 995 4499 significaverit
1014 4435 1120 4485 auctor,
