3240 5252
354 510 396 572 60
791 511 911 568 Petrus
929 511 1020 578 Rem,
1391 501 1476 586 [220]

351 688 458 771 fuerit,
477 687 530 752 sed
547 687 623 772 quid
640 689 679 751 sit
697 685 785 765 illud,
803 706 863 771 quo
881 684 961 748 uibil
973 685 1070 770 possit
1088 705 1147 748 esse
1160 685 1384 768 praestantius,
1402 683 1479 777 quod¹

352 793 388 855 iu
405 791 609 876 perpetuitate
627 789 750 854 dicendi
766 809 827 852 uou
846 808 933 872 saepe
950 794 1041 873 utque
1058 785 1145 851 houd
1162 789 1223 851 scio
1241 808 1285 851 uu
1304 805 1479 870 numquam,

352 895 388 957 iu
406 891 511 978 aliquo
530 899 631 956 uectem
646 891 869 976 portmeluceot
886 889 1063 975 uliquuudo,
1082 889 1250 975 idemque
1269 887 1340 972 (vel.
1357 884 1479 973 (quod)

352 995 442 1076 idem
462 993 560 1058 codd:
579 995 671 1076 idem)
688 993 773 1078 opud
788 992 864 1057 otios
879 993 1010 1073 densius,
1026 991 1113 1078 apud
1127 993 1203 1057 ulios
1219 991 1352 1074 fortusse
1368 994 1480 1056 rarius.

443 1095 505 1160 Sed
529 1101 566 1159 ut
589 1115 635 1178 ea,
659 1114 741 1178 quae
765 1093 804 1158 de
827 1095 887 1158 hac
906 1093 1046 1158 Oratoris
1066 1098 1084 1178 ς’
1101 1095 1142 1158 20
1163 1085 1308 1178 exposui,
1332 1087 1481 1158 brevibus

354 1197 547 1284 complectar
573 1197 688 1281 verbis,
716 1203 818 1262 totum
846 1200 933 1262 hunc
959 1197 1066 1262 locum
1093 1217 1157 1260 non
1186 1198 1250 1260 nisi
1278 1187 1334 1260 tali
1362 1197 1482 1260 ratione

353 1321 467 1366 sanum
491 1302 559 1366 lore
583 1317 706 1382 censeo,
731 1299 817 1382 quali
841 1299 953 1363 edatur
976 1300 1038 1364 sic:
1064 1297 1148 1366 Num
1166 1301 1194 1366 et
1210 1299 1415 1386 proudiloqui
1431 1350 1437 1362 .
1454 1350 1482 1363 ..

348 1405 485 1488 'fuerunt
501 1455 507 1468 .
525 1455 531 1467 .
548 1455 554 1467 .
571 1403 760 1484 uehementes,
783 1401 898 1486 [uertit
922 1403 1039 1486 copiosi,
1061 1423 1177 1488 pruma,
1206 1401 1249 1466 nd
1266 1401 1484 1486 permovendos

353 1517 382 1576 et
397 1511 608 1575 convertendos
622 1511 741 1572 cuimos
751 1510 895 1572 instructi
905 1513 933 1570 et
943 1509 1061 1591 parati,
1077 1505 1158 1590 quod
1172 1507 1274 1589 ipsum
1290 1501 1348 1569 ulii
1367 1525 1482 1589 aspero,

354 1615 447 1692 tristi,
472 1611 602 1676 torrido
625 1613 761 1675 oratioue
784 1630 878 1694 mque
898 1607 1036 1694 perfecta
1059 1612 1148 1692 utque
1171 1605 1319 1687 concluso,
1348 1605 1409 1671 otii
1430 1607 1484 1671 leui

353 1723 382 1781 et
404 1721 521 1780 stmutu
538 1720 567 1780 et
584 1717 764 1790 termtuotu3
789 1719 816 1776 et
835 1719 941 1776 cmtru
961 1719 1109 1777 tenues..
1127 1760 1134 1773 .
1150 1713 1185 1774 in
1203 1709 1364 1794 eoderuquc
1377 1731 1484 1795 peuerc

355 1818 412 1883 ulii
434 1817 547 1896 collidi,
570 1817 623 1882 sed
645 1815 777 1902 impoliti
802 1823 832 1880 et
858 1815 992 1879 cousulto
1014 1815 1142 1879 rudium
1170 1810 1284 1876 similes
1309 1817 1338 1876 et
1362 1813 1484 1897 imperi-

355 1929 470 2002 torum,
498 1920 555 1985 otii
581 1922 617 1983 iu
643 1919 746 1984 eudem
775 1919 931 1983 ieiunitate
958 1919 1165 1982 comiuuiores
1191 1913 1357 2001 idemque
1383 1915 1484 1997 faceti,

352 2025 495 2109 florentes
517 2021 609 2087 etium
632 2028 660 2086 et
682 2022 785 2086 leuiter
808 2024 920 2086 oruoti.
1340 2093 1344 2126 Ι

446 2229 535 2308 ξ34.
568 2227 705 2290 Brutum
728 2227 843 2309 ipsum,
873 2227 926 2290 cui
948 2217 1092 2289 libellum
1116 2221 1285 2306 dedicavit,
1314 2225 1486 2308 alloquitur

356 2329 467 2394 Cicero
492 2348 590 2412 seque
614 2349 694 2413 opus
718 2328 852 2392 difficile
876 2328 1011 2412 perfecti
1035 2328 1167 2391 oratoris
1190 2328 1395 2410 exprimendi
1419 2347 1485 2390 sus·

357 2433 481 2514 cepisse
504 2435 646 2512 testatur,
671 2428 747 2513 quia
765 2434 850 2494 amet
867 2430 959 2493 illum
979 2429 1018 2494 ob
1038 2430 1212 2512 ingenium,
1238 2430 1353 2511 studia,
1374 2449 1484 2510 mores,

355 2535 492 2604 virtutes
511 2533 726 2598 incredibiles,
751 2533 875 2609 Quibus
891 2533 1063 2595 virtutibus
1079 2531 1214 2616 siugulis
1233 2532 1425 2616 praedicatis
1444 2534 1485 2595 ita

356 2634 476 2722 pergit:
497 2635 583 2723 Eupo
601 2637 740 2701 omuibus
757 2639 850 2702 terris
867 2658 932 2700 uuu
954 2633 1059 2701 Gallio
1077 2638 1231 2701 communi
1249 2657 1312 2700 uou
1330 2638 1421 2701 urdet
1440 2640 1484 2700 iu·

356 2739 476 2818 eeudi03
506 2743 540 2804 iu
568 2762 629 2826 quo
655 2738 775 2821 frueris
801 2743 865 2824 ipse
888 2746 923 2820 te,
952 2761 1020 2803 cum
1049 2741 1083 2803 iu
1106 2738 1218 2803 ltaliae
1241 2738 1305 2802 tuce
1327 2729 1484 2822 [lueemb

357 2861 437 2906 corr.
454 2839 501 2928 βλ]
527 2845 717 2928 copuoaceris,
741 2837 928 2928 versarisque
950 2843 986 2906 iu
1008 2844 1190 2926 optimorum
1214 2844 1327 2906 ciuium
1351 2842 1395 2906 uel
1411 2841 1484 2924 flore

356 2943 401 3010 uel
424 2945 537 3010 robore.

446 3045 557 3111 Pn'ore
586 3049 620 3110 in
644 3047 713 3111 colo
738 3067 779 3111 ne
803 3045 881 3129 quid
905 3049 1126 3130 corrigeretur,
1155 3039 1231 3109 olim
1255 3045 1484 3110 admonuerunt

356 3149 502 3214 nonnulli
526 3149 665 3214 editores
689 3151 748 3217 huc
773 3150 845 3213 data
872 3149 1183 3232 interpretationem
1218 3141 1324 3214 *Ohne
1348 3172 1387 3215 eu
1410 3147 1482 3212 muss

357 3273 431 3316 man
459 3248 608 3316 omnibus
632 3254 724 3316 terris
752 3252 806 3314 fiir
828 3251 890 3316 den
915 3251 1009 3316 Dativ
1038 3251 1178 3317 hehmen
1203 3249 1270 3314 und
1294 3251 1405 3317 diesen
1430 3253 1484 3314 mit

355 3359 510 3420 commuui
524 3355 712 3434 verbinden,
736 3355 874 3418 welches
894 3353 1065 3438 allerdings
1085 3357 1183 3417 etwas
1198 3373 1238 3416 zu
1255 3355 1331 3417 weit
1347 3351 1484 3418 entiernt

356 3473 397 3521 nu
420 3458 533 3521 stehen
552 3457 684 3521 scheint.
718 3457 825 3520 Allein
843 3457 898 3520 das
914 3479 978 3522 uuu
997 3457 1110 3538 Gallia,
1135 3455 1237 3520 durch
1254 3457 1393 3520 welches
1409 3478 1483 3522 com·

356 3564 446 3625 mrmi
468 3581 532 3623 von
548 3562 670 3624 seinem
685 3559 781 3623 Dativ
796 3565 947 3642 getrennt
965 3559 1053 3641 wird,
1077 3559 1186 3622 multte
1203 3555 1274 3622 hier
1289 3559 1412 3641 stehen,
1432 3579 1484 3622 um

357 3684 422 3728 uuu
445 3663 517 3727 dem
541 3663 680 3728 omuibus
701 3663 804 3726 nither
832 3681 873 3725 zu
897 3659 1051 3745 bringen’.
1082 3661 1123 3725 Et
1145 3663 1252 3744 paruit
1275 3681 1388 3725 eorum
1412 3682 1483 3725 con·
1598 3717 1599 3738 ,

357 3765 428 3829 silio
444 3763 625 3828 thidericus
649 3785 687 3829 ac
710 3765 818 3828 locum
841 3765 875 3826 in
891 3763 1136 3828 Rhetoricorum
1160 3759 1301 3828 editione
1317 3761 1483 3844 Teubneri,

356 3867 547 3949 bibliopolae
562 3866 787 3947 honestissimi,
811 3866 990 3948 sumptibus
1015 3871 1124 3930 curata
1143 3867 1323 3949 composuit
1339 3867 1484 3930 codicum
1598 3847 1599 3888 ³

358 3972 549 4052 scripturam
578 3971 724 4052 proxime
756 3974 896 4032 secutus.
927 3967 1001 4032 Iure
1024 3974 1132 4032 tamen
1162 3970 1261 4033 ceteri
1285 3970 1424 4033 editores
1447 3967 1482 4032 ab

357 4072 411 4135 illa
440 4073 700 4155 interpretatione
731 4071 1030 4136 reformidaverunt.
1061 4067 1143 4134 Nam
1171 4061 1197 4134 si
1227 4071 1368 4138 omuibus
1396 4074 1485 4138 terris

359 4180 442 4238 esset
465 4173 600 4255 dativus,
625 4175 680 4256 qui
703 4172 858 4258 penderet
881 4173 919 4236 ab
936 4173 1095 4238 adiectivo
1111 4176 1273 4256 commuui,
1298 4173 1421 4239 Tullius
1440 4175 1484 4238 sic

448 4367 468 4432 ¹)
485 4364 682 4422 Peter-Weber
701 4369 731 4422 in
749 4367 794 4422 ed.
813 4383 874 4437 pag.
890 4367 949 4422 118.
