3228 5268
358 503 402 565 44
797 509 910 564 Xaver
927 508 1047 577 north,

358 701 433 746 cum
449 681 489 745 de
504 681 672 765 epitaphiis
689 680 782 745 dicit:
806 680 882 744 ‘Das
900 679 976 762 Lob,
996 680 1073 744 aber
1088 679 1171 744 auch
1189 679 1283 746 lhost
1301 681 1370 746 und
1388 680 1488 766 Klage

356 785 399 848 ist
426 785 496 848 hier
522 783 732 866 Totenopfer'.
770 783 812 847 ut
838 803 897 867 per
924 801 959 847 se
987 785 1074 866 patet
1096 782 1347 850 consolationem
1376 788 1409 850 et
1434 784 1488 850 ad·

356 886 577 967 hortationem,
597 904 679 968 quae
694 885 853 968 pertineat
871 885 910 948 ad
929 884 1101 968 auditores,
1123 884 1243 950 donum
1260 883 1405 950 defuncti
1423 901 1488 945 non

357 1007 436 1053 esse.
474 988 641 1054 Sententia
668 991 775 1052 autem
803 987 871 1069 illa,
899 1007 963 1070 qua
991 992 1098 1052 orator
1124 987 1341 1052 laudationem
1369 985 1489 1052 donum

357 1097 452 1176 atque
468 1098 691 1157 ornamentum
707 1109 776 1156 esse
792 1091 963 1174 significat,
977 1111 1172 1174 quamquam
1185 1110 1252 1156 non
1269 1089 1389 1171 dubito,
1410 1090 1488 1171 quin

355 1196 419 1259 iam
443 1194 528 1278 apud
542 1199 668 1259 veteres
685 1193 822 1257 Graecos
843 1194 1011 1274 exstiterit,
1027 1199 1134 1258 tamen
1156 1193 1191 1258 in
1214 1191 1303 1256 nullo
1327 1193 1488 1276 epitaphio

357 1298 441 1362 clare
457 1299 656 1381 exprimitur.
680 1297 773 1362 Solus
785 1297 943 1362 Aristides
956 1297 996 1360 ad
1009 1315 1080 1360 eam
1098 1296 1239 1360 alludere
1255 1296 1336 1360 mihi
1353 1295 1487 1377 videtur,

357 1421 431 1465 cum
455 1401 490 1463 in
518 1401 584 1465 fine
609 1401 761 1485 epitaphii
783 1401 819 1463 in
842 1400 1019 1464 Eteoneum
1045 1399 1140 1463 dicit:
1170 1400 1256 1463 *τάδε
1280 1420 1326 1464 tor
1349 1403 1388 1464 τὰ
1411 1401 1486 1480 παρ’

356 1504 455 1585 ἡμῶν,
478 1504 517 1566 τὰ
540 1507 577 1567 δὲ
594 1504 688 1567 λοιπὰ
704 1503 824 1581 μελήςει
845 1502 987 1584 τῇπόλει
1003 1503 1111 1584 κοινῇ’.
1134 1502 1290 1567 Rhetores
1313 1503 1415 1585 igitur
1437 1503 1486 1567 vel

357 1610 496 1670 oratores
525 1605 631 1688 quarti
659 1604 789 1670 demum
817 1604 938 1668 saeculi
968 1623 1010 1668 ex
1037 1605 1098 1672 hac
1125 1605 1177 1670 vel
1204 1605 1301 1670 simili
1328 1607 1486 1672 sententia

354 1708 490 1792 profecti
513 1709 679 1792 proprium
701 1709 803 1772 τόπον
827 1709 986 1774 creavisse
1008 1708 1088 1771 mihi
1111 1707 1270 1773 videntur.
1294 1745 1334 1756 -

444 1817 510 1880 Iam
546 1817 724 1898 quaeritur⁷
754 1815 808 1879 cui
837 1816 951 1898 generi
980 1815 1159 1878 orationum
1188 1811 1377 1876 funebrium
1408 1813 1486 1878 haec

356 1919 455 1982 oratio
473 1917 682 1982 adscribenda
700 1919 783 2000 sit1).
814 1920 923 2000 Atque
940 1918 1079 2000 primum
1097 1914 1228 1997 quidem
1243 1914 1394 1979 monodia
1417 1933 1486 1980 esse

355 2041 422 2084 non
445 2025 561 2104 potest,
593 2041 667 2085 cum
696 2024 815 2101 θρῆνοι,
845 2021 901 2102 qui
924 2025 1092 2100 vocantur,
1122 2017 1216 2101 plane
1245 2017 1484 2093 desiderentur3

356 2143 463 2206 neque
479 2125 656 2188 orationem
673 2122 917 2188 consolatoriam
934 2142 1004 2188 eam
1019 2123 1090 2187 iure
1107 2121 1236 2202 dixeris,
1253 2140 1329 2184 cum
1351 2121 1385 2184 in
1411 2140 1485 2188 con·

354 2224 562 2290 solutionibus
585 2213 713 2290 laudem
730 2225 910 2288 seeundum
934 2225 995 2288 tria
1017 2224 1072 2288 illa
1095 2229 1238 2308 tempora
1254 2224 1485 2308 disponendam

355 2346 424 2392 esse
448 2327 626 2392 Menander
648 2328 769 2409 doceat
794 2347 890 2410 quam
910 2328 1054 2412 regulam
1076 2328 1222 2411 Gregorii
1244 2327 1386 2412 Nysseni
1411 2349 1485 2392 oon·

354 2429 526 2496 solationes
550 2432 642 2513 sequi
661 2430 768 2494 Bauer
791 2429 1028 2494 demonstravit.
1059 2429 1166 2494 Oratio
1185 2429 1284 2514 igitur
1307 2431 1404 2506 λόγος
1423 2431 1484 2496 ἐπι-

352 2531 468 2610 τόφιος
499 2539 559 2615 est,
589 2553 685 2617 quem
713 2532 891 2598 Menander
917 2537 1019 2615 vocat
1044 2552 1117 2598 cum
1145 2536 1299 2614 sequatur
1322 2539 1429 2599 orator
1451 2537 1485 2598 in

353 2633 449 2698 laude
472 2637 649 2700 enarranda
671 2638 789 2702 seriem
812 2635 900 2700 illam
921 2635 1031 2698 τόπων
1055 2635 1317 2718 ἐριωμιαςτικῶν,
1347 2657 1428 2722 quos
1449 2640 1484 2704 in

353 2735 591 2802 laudationibus
614 2740 773 2804 adhibitos
797 2758 867 2804 esse
891 2759 987 2824 supra
1010 2741 1071 2824 (pg.
1088 2741 1121 2822 4)
1143 2740 1293 2804 vidimus.

443 2839 504 2903 Sed
529 2840 638 2906 diflert
658 2843 845 2925 compositio
870 2842 966 2906 huius
987 2844 1140 2928 epitaphii
1163 2849 1195 2908 et
1218 2864 1236 2907 a
1257 2844 1430 2910 Menandri
1452 2851 1484 2911 et

354 2961 372 3003 a
395 2940 687 3026 Pseudo-Dionysii
706 2944 859 3027 doctrina,
884 2945 971 3027 quod
995 2947 1131 3010 θάνατος
1154 2965 1282 3030 quoque
1307 2954 1340 3011 et
1360 2950 1483 3029 ἐκφορά

354 3052 650 3129 commemorantur,
667 3067 747 3131 quos
759 3049 879 3112 τόπους
890 3049 924 3110 in
937 3049 1096 3112 monodiis
1112 3048 1309 3114 adhibendos
1329 3070 1400 3116 esse
1417 3052 1484 3118 Me-

353 3147 476 3212 nander
493 3149 593 3213 docet.
622 3150 692 3228 Quo
709 3151 870 3215 arhetore
888 3151 1060 3235 Gregorius
1077 3151 1138 3216 alia
1154 3171 1281 3235 quoque
1305 3171 1340 3216 re
1358 3154 1481 3232 differt

353 3249 532 3315 Menander
547 3253 634 3316 enim
650 3256 782 3337 exponit
804 3275 871 3318 non
886 3255 990 3319 solum
1005 3260 1077 3339 post
1097 3275 1362 3338 unumquemque
1381 3260 1482 3326 τόπον

352 3351 545 3418 laudationis
562 3356 707 3438 θρήνους,
732 3357 901 3422 sedetiam
923 3359 958 3420 in
980 3358 1048 3422 line
1065 3360 1162 3424 totius
1185 3360 1284 3441 partis
1300 3359 1481 3427 laudativae

352 3457 516 3538 proprium
547 3460 667 3537 θρήνου
696 3460 797 3525 τόπον
829 3461 1016 3543 ponendum
1047 3463 1157 3543 esse‘).
1202 3461 1375 3542 Gregorius
1405 3485 1481 3529 vero

352 3577 511 3640 nusquam
533 3580 642 3643 neque
665 3563 700 3625 in
728 3563 791 3626 hoc
818 3582 924 3646 neque
952 3565 987 3626 in
1015 3565 1129 3628 ceteris
1153 3565 1322 3647 epitaphiis
1351 3568 1481 3631 threnos

445 3713 463 3781 ¹)
481 3714 502 3766 E
515 3713 596 3769 titulo
610 3717 693 3786 enim,
707 3733 791 3786 quern
804 3718 869 3772 libri
883 3719 1023 3787 exhibent,
1036 3719 1108 3773 nihil
1121 3719 1252 3774 concludi
1265 3725 1373 3789 potest;
1390 3739 1481 3792 neque

353 3795 429 3848 enirn
442 3796 467 3850 is
480 3797 586 3866 titulus,
606 3815 689 3866 quem
702 3801 805 3870 Mignei
818 3802 903 3856 editio
916 3803 1039 3870 praehet,
1060 3805 1184 3874 Gregorii
1202 3812 1258 3860 est:
1280 3806 1318 3860 etc
1333 3808 1481 3874 Καιςόριον

351 3881 404 3933 τὸν
424 3881 535 3950 [ἑαυτοῦ
557 3883 690 3938 omittunt
710 3886 793 3940 multi
811 3886 894 3955 libri].
920 3888 1047 3953 ἀδελφόν
1071 3889 1222 3956 ἐπιτάφιος
1246 3891 1419 3960 [περιόντων
1442 3895 1481 3946 ἔτι

351 3973 412 4021 τῶν
437 3971 568 4039 γονέων],
597 3989 688 4042 neque
713 3974 878 4043 Hieronymi
902 3975 1011 4030 verbis:
1041 3975 1085 4028 ‘de
1112 3979 1203 4030 morte
1230 3976 1325 4032 fratris
1345 3976 1480 4033 Caesarii’

351 4053 489 4122 genuinus
497 4057 594 4110 titulus
602 4059 739 4112 contineri
747 4060 815 4113 mihi
825 4060 945 4128 videtur,
953 4078 1124 4131 quamquam
1135 4061 1221 4115 etiarn
1231 4061 1333 4116 Suidas
1345 4064 1478 4132 praebeat

351 4139 495 4204 ’περὶτῆς
513 4142 646 4206 τελευτῆς
664 4149 716 4196 τοῦ
736 4145 864 4211 ἀδελφοῦ
886 4145 1053 4212 Καιςοιρὶου’.

443 4225 464 4293 ⁸)
483 4225 534 4277 Rh.
549 4241 586 4292 gr.
598 4226 633 4279 Ill
645 4227 706 4295 419,
722 4229 755 4283 13
766 4231 810 4299 Sp.
821 4249 826 4283 :
847 4233 1001 4295 ’πανταχοῦ
1013 4232 1116 4298 ἐφεξῆς
1126 4232 1232 4299 ἑκόςτῳ
1242 4236 1303 4284 τῶν
1313 4233 1478 4300 κεφαλαίων

351 4309 603 4373 ποραμιγνυμένου
622 4315 674 4362 ποθ
694 4314 827 4382 πόθους’;
853 4317 888 4369 Ill
906 4317 968 4383 420,
988 4317 1037 4370 26:
1062 4313 1123 4369 ‘oria
1147 4317 1238 4385 ἀφέξῃ
1263 4320 1294 4371 δὲ
1311 4323 1364 4371 τοθ
1384 4319 1429 4372 καὶ
1448 4321 1477 4372 ἐν

352 4392 451 4462 tndem
471 4395 571 4459 πράξει
591 4399 699 4462 θρῆνον
720 4398 873 4466 ἐμβαλεῑν’;
894 4401 928 4453 ΙΙΙ
947 4401 1009 4467 419,
1029 4401 1077 4469 21,
1096 4402 1158 4469 420,
1177 4401 1209 4467 ό;
1228 4402 1290 4470 421,
1311 4403 1353 4456 10.
