3270 5250
328 513 373 576 40
759 521 888 576 Robert
911 521 1029 589 Bloch,
1370 513 1456 600 [302]

421 691 480 755 Cui
508 693 593 756 vitae
621 693 737 755 rationi
760 692 933 774 respondet
960 693 1053 774 pueri
1084 698 1116 756 et
1143 693 1359 757 adulescentis
1383 693 1458 771 ἐρω-

329 795 426 872 μένου
451 794 555 858 victus
579 797 721 876 (44-47
748 816 776 877 p.
790 797 969 877 446-51),
996 797 1031 858 15
1056 816 1120 878 quo
1143 796 1353 860 describendo
1376 797 1459 860 haud

329 896 426 960 dubie
457 897 672 961 Stoicorum
703 898 868 962 scientiam
900 898 1145 981 paedagogicam
1173 900 1361 963 imitandam
1389 919 1458 982 pru-

328 1001 452 1082 posuit,
482 999 553 1063 dico
577 1001 734 1083 imprimis
758 1000 922 1064 Plutarchi
946 1000 985 1065 de
1009 1001 1118 1066 liberis
1143 1002 1319 1086 educandis
1343 1003 1458 1066 librum

329 1107 361 1165 et
373 1101 600 1165 Musonianum
617 1105 687 1182 περὶ
703 1102 859 1180 ἀεκήεεω(
878 1105 909 1186 (6
926 1123 955 1186 p.
966 1105 1007 1169 22
1018 1123 1063 1187 sq.
1076 1104 1136 1187 H.).
1154 1105 1277 1168 Verum
1294 1107 1358 1168 ianr
1374 1105 1457 1169 Zeno

328 1206 455 1282 (Arnim
471 1205 563 1268 1245
575 1225 620 1288 sq.
638 1226 666 1289 p.
677 1208 719 1270 58
730 1225 792 1288 sq.;
813 1206 954 1270 Pearson
971 1208 1011 1270 ad
1027 1206 1103 1270 Zeu.
1121 1207 1180 1290 irg.
1197 1209 1260 1270 174
1277 1227 1306 1290 p.
1319 1209 1380 1271 201
1398 1227 1457 1290 sq.;

328 1309 391 1370 alia
414 1308 499 1389 apud
521 1308 712 1390 Wendland,
736 1308 829 1372 Philo
854 1309 872 1370 l.
891 1310 941 1390 34,
955 1309 979 1389 a)
1008 1309 1046 1372 de
1071 1310 1259 1391 quaestione
1283 1311 1357 1392 egit,
1378 1329 1458 1392 quae

328 1429 370 1474 ne
394 1410 479 1493 apud
507 1413 680 1493 comicos1)
705 1412 836 1494 quidem
865 1411 1071 1475 desideratur.
1107 1412 1220 1495 Itaque
1248 1412 1288 1475 ad
1317 1415 1458 1496 tempora

329 1519 361 1579 et
377 1515 600 1597 Aristophanis
616 1522 648 1579 et
660 1514 788 1578 Catonis
805 1516 942 1579 censorii
958 1515 1152 1598 reducimur,
1170 1537 1308 1598 quorum
1323 1524 1458 1600 uterque

328 1621 460 1696 πάτριον
472 1621 629 1683 πολιτείαν
642 1625 675 1683 51
686 1621 782 1697 ζωιήν
797 1619 975 1702 flagitabat,
991 1621 1114 1684 invitus
1129 1622 1228 1704 igitur·
1241 1621 1458 1686 Callicratidas

329 1721 440 1784 existit
458 1721 614 1784 ‘laudator
630 1725 781 1804 temporis
797 1723 880 1805 acti’,
901 1743 974 1787 cum
992 1722 1031 1786 ad
1048 1743 1156 1787 veram
1172 1743 1346 1806 puerorum
1362 1725 1458 1788 vitam

327 1827 460 1910 propius
484 1845 561 1890 sane
580 1829 753 1891 accesserit
769 1828 941 1892 Charicles.
973 1829 1031 1893 ille
1048 1849 1125 1893 vero
1145 1829 1229 1893 haud
1249 1849 1344 1894 secus
1363 1835 1457 1912 atque

328 1930 483 2011 coniuges
498 1929 549 2011 (51.
564 1949 589 1994 5.
602 1950 631 2012 g.
643 1929 754 1993 Liban.
763 1931 810 1994 IV
820 1933 915 2013 1060,
933 1932 974 1993 32
986 1933 1043 2014 sq.)
1059 1937 1233 1995 amatorem
1249 1953 1325 1996 cum
1340 1934 1457 1996 amasio

328 2107 484 2162 sententias
511 2108 630 2162 aliorum
650 2109 726 2163 haud
745 2109 852 2178 ignore,
872 2114 967 2165 lamen
991 2111 1168 2179 reperiuntur
1192 2126 1235 2177 ea,
1255 2111 1357 2178 quibus
1381 2110 1457 2164 ‘certi

327 2193 448 2260 denique
466 2193 546 2246 sines'
560 2193 659 2260 opinor
672 2197 860 2249 transeantur.
890 2196 931 2249 Ita
944 2195 1027 2249 nobis
1046 2195 1106 2264 (lrg.
1117 2195 1152 2248 57
1162 2195 1250 2263 pat-30
1262 2195 1365 2263 Haase)
1378 2195 1457 2249 ‘nun-

328 2295 413 2346 quam
438 2278 515 2331 solus
542 2278 594 2332 erit
613 2278 672 2346 (scl.
688 2279 811 2350 sapiens)
837 2296 921 2347 quarn
947 2296 1010 2334 cum
1033 2281 1111 2334 solus
1134 2280 1227 2334 luerit’
1251 2281 1458 2349 perlegentibus

327 2362 411 2417 facile
424 2363 454 2416 in
466 2367 588 2417 mentem
602 2363 680 2417 venit
692 2363 762 2417 illud
775 2365 914 2433 Scipionis
928 2365 1003 2434 apud
1014 2365 1102 2418 Cicer.
1114 2365 1147 2418 de
1158 2366 1265 2433 republ.
1279 2366 1290 2418 l
1305 2366 1347 2432 17,
1361 2366 1404 2432 27,
1423 2366 1457 2419 de

327 2448 400 2502 offic.
414 2449 448 2501 lll
462 2448 486 2514 1,
502 2448 528 2514 1;
548 2449 603 2502 hoc
617 2447 675 2503 iam
691 2449 838 2504 adnotavit
849 2451 980 2517 Lasaulx,
991 2449 1129 2504 Ahhandl.
1144 2450 1169 2503 d.
1181 2450 1234 2518 kgl.
1246 2451 1310 2519 hay.
1324 2450 1455 2504 Akadem.

326 2532 536 2604 philos-philol.
551 2531 590 2586 Cl.
603 2534 672 2588 1853
689 2535 735 2588 Vll
750 2535 808 2603 122,
818 2557 865 2589 ma.
886 2535 992 2589 Deinde
1012 2535 1149 2589 ‘vocanda
1168 2534 1292 2589 domina'
1311 2535 1370 2604 (lrg.
1384 2535 1417 2589 51
1431 2551 1456 2603 p.

326 2619 422 2686 129Η)
445 2634 503 2671 555
522 2617 558 2672 55
584 2635 629 2672 res
650 2618 773 2674 Graecas
793 2620 941 2673 universas
966 2620 1086 2688 pertinet
1109 2623 1158 2673 aut
1180 2620 1308 2688 quadrat,
1336 2620 1386 2674 sed
1409 2622 1456 2674 aut

327 2704 364 2758 ad
388 2705 464 2757 solas
488 2704 736 2771 Lacedaemonias,
761 2721 832 2773 quae
856 2705 904 2757 vix
927 2705 956 2758 in
981 2721 1095 2758 censum
1119 2704 1244 2771 veniunt,
1269 2709 1318 2758 aut
1342 2705 1380 2759 ad
1402 2706 1456 2757 Ro-

327 2805 435 2844 manas
465 2787 570 2855 Quibus
595 2788 629 2842 de
653 2789 747 2844 causis
766 2790 891 2844 Senecae
914 2789 1007 2843 locum
1031 2793 1129 2858 postea
1153 2789 1251 2843 nescio
1276 2789 1339 2857 quis
1357 2788 1456 2843 litteris

328 2874 443 2928 Graecis
463 2873 556 2927 minus
576 2874 700 2928 eruditus
721 2875 757 2929 ad
769 2877 961 2929 Romanorum
979 2892 1062 2929 usum
1081 2874 1240 2928 immutavit
1259 2876 1305 2928 vel
1323 2875 1415 2942 potius
1432 2874 1456 2927 is

327 2959 442 3014 omnino
455 2959 665 3027 Theophrast'ea
684 2960 771 3013 latine
791 2959 936 3028 expressit.
956 2959 1079 3027 Accedit,
1099 2959 1175 3028 quod
1192 2975 1251 3013 una
1268 2960 1347 3014 notio
1366 2960 1455 3014 ‘rarae

327 3044 399 3098 avis’
418 3043 525 3112 (Senec.
539 3044 589 3112 lrg.
604 3045 638 3098 56
652 3060 677 3112 p.
688 3044 787 3111 43οΗ;
807 3045 901 3098 luven.
917 3044 1026 3112 V1165)
1045 3044 1201 3098 eommunis
1222 3047 1275 3110 est;
1296 3044 1370 3099 hanc
1390 3059 1456 3098 vero

327 3129 533 3198 proverbialem
557 3146 619 3183 esse
639 3146 722 3184 nemo
746 3129 844 3200 nescit.
874 3130 961 3182 Porro
984 3129 1181 3197 Hieronymus,
1206 3128 1252 3195 qui
1272 3127 1457 3196 Theophrasti

326 3213 415 3268 libelli
428 3217 536 3282 partem
555 3215 637 3268 nobis
656 3215 779 3283 tradidit,
800 3215 913 3283 saepius
927 3215 1001 3268 hanc
1015 3217 1131 3281 usurpat
1144 3212 1316 3267 locutionem
1329 3213 1370 3282 (A.
1385 3211 1456 3281 ouo,

327 3299 530 3368 Sprichwiirter
549 3316 574 3355 u.
593 3299 721 3368 sprichw.
735 3299 930 3353 Redensarten
956 3298 1113 3365 demer,
1142 3299 1218 3367 1890,
1245 3299 1298 3351 233
1311 3315 1337 3366 p.
1352 3298 1385 3351 51
1397 3299 1456 3367 sq),

326 3390 357 3440 ut
377 3384 495 3438 forsitan
514 3385 568 3452 ipsi
582 3384 725 3438 debeatur.
755 3384 881 3453 Denique
894 3384 986 3452 ipsum
998 3383 1221 3451 Theophrastum
1234 3385 1336 3437 λευκὸν
1350 3384 1456 3449 κόρακα

327 3471 433 3526 dixisse
457 3487 514 3524 non
534 3472 625 3524 solum
651 3476 764 3540 propter
783 3471 915 3525 vocabuli
934 3486 1023 3538 genus
1042 3469 1226 3538 improbabile
1247 3476 1297 3524 est.
1329 3471 1363 3524 Ut
1383 3470 1456 3524 enim

325 3556 500 3623 Aristoteles
520 3555 568 3623 qui
588 3571 678 3625 cygno
698 3556 806 3624 λευκόν,
827 3571 912 3609 corvo
934 3555 1018 3619 μέλαν
1037 3555 1189 3610 attribuere
1208 3557 1288 3623 solet,
1308 3555 1366 3609 albi
1380 3555 1456 3610 corvi

327 3641 401 3710 (hist.
416 3641 499 3694 anim.
514 3641 605 3708 11112,
630 3641 706 3695 519a
725 3638 778 3710 516)
804 3640 976 3694 mentionem
1002 3639 1078 3708 lacit,
1105 3641 1144 3696 ita
1171 3641 1326 3710 discipulus
1352 3641 1377 3694 si
1400 3655 1456 3694 non

326 3726 420 3780 verbis
446 3730 541 3780 tamen
564 3743 594 3780 re
616 3727 652 3792 μὴ
678 3726 781 3778 εἰωθός
799 3743 826 3778 τι
845 3743 908 3780 5555
935 3730 1049 3780 enarrat
1074 3725 1152 3795 (sign.
1168 3730 1252 3794 temp.
1267 3726 1302 3778 lll
1317 3727 1352 3780 39
1365 3743 1391 3795 p.
1404 3725 1456 3779 395

326 3812 425 3880 Wim.).
455 3811 642 3865 Nihilosecius
661 3816 760 3880 postea
779 3811 891 3865 demum
910 3811 940 3864 in
960 3811 1101 3879 proverbii
1120 3827 1202 3864 usum
1221 3811 1326 3865 locutio
1346 3811 1456 3865 videtur

326 3896 470 3950 transisse.
499 3897 622 3950 Primum
648 3896 723 3964 apud
741 3896 861 3965 Ergiam,
887 3895 911 3950 si
937 3911 1008 3950 aevo
1032 3895 1222 3949 Alexandrino
1246 3912 1305 3949 non
1327 3897 1455 3950 Romano

325 3981 427 4049 tloruil,
441 3982 542 4050 legitur
553 3981 633 4051 (FHG
646 3982 680 4036 IV
692 3981 759 4047 105;
778 3982 832 4035 hoc
852 3997 956 4035 nomen
975 3981 1023 4034 dat
1035 3980 1174 4034 Athenaei
1194 3980 1284 4034 codex
1302 3996 1395 4049 neque
1415 3983 1456 4034 est

327 4083 377 4120 cur
390 4067 583 4133 emendemus;
598 4067 632 4120 51.
642 4066 845 4135 Bechtel-Fich,
860 4066 969 4121 Griech.
980 4066 1237 4133 Personennamen,
1252 4064 1323 4134 128).
1345 4065 1455 4134 Cygnus

326 4151 413 4218 niger,
434 4168 516 4220 quem
535 4155 673 4205 memorat
692 4151 842 4220 luvenalis,
863 4150 978 4205 cumino
992 4149 1133 4219 proverbii
1151 4151 1213 4203 loco
1233 4166 1292 4203 555
1311 4149 1363 4203 1511
1383 4149 1456 4219 apud

326 4236 457 4290 Graecos.

420 4320 439 4389 ¹)
458 4320 498 4373 Cf.
513 4338 535 4375 e.
550 4338 573 4390 g.
588 4322 676 4376 Plaut.
689 4323 790 4377 Bacch.
804 4322 857 4374 122
873 4338 929 4390 sq.;
958 4321 1058 4375 similis
1085 4325 1128 4375 est
1154 4320 1284 4375 Chironis
1315 4321 1364 4376 via
1391 4321 1456 4375 edu-

328 4405 410 4458 candi
430 4405 508 4472 (Stat.
522 4406 621 4460 Achill.
636 4407 708 4460 1112
720 4423 769 4476 sq,
788 4407 917 4460 Philostr.
931 4408 1013 4474 imag.
1028 4406 1050 4459 ll
1064 4405 1099 4474 2).
