3240 5252
341 506 382 568 70
788 510 908 565 Petrus
927 510 1019 578 aeis,
1380 499 1465 584 [230]

339 683 512 747 dicendum
536 673 691 765 opinatur.
721 682 867 745 Advocat
889 685 996 744 autem
1021 679 1210 756 Quintiliani
1235 679 1313 744 Inst.
1333 686 1407 743 erat.
1427 680 1467 762 X,

342 790 368 868 1,
394 787 444 867 60,
468 786 522 848 ubi
548 787 581 847 in
606 785 799 848 Archilocho
818 785 993 869 plurimum
1016 787 1178 870 suaquiuis
1196 790 1287 869 utque
1306 803 1466 847 nervorum

338 909 408 952 esse
439 893 595 952 monetur.
631 888 720 963 Quae
745 888 907 951 Schuetnii
937 890 1024 950 reote
1051 886 1169 950 refutat
1193 886 1364 968 Goeller1),
1393 887 1466 968 quia

337 998 369 1054 et
391 993 532 1054 suavitas
557 993 663 1055 nervis
689 990 774 1054 haud
798 991 904 1054 nunus
928 990 1010 1053 bene
1034 990 1192 1052 contraria
1210 995 1350 1072 ponatur
1371 1009 1464 1070 quam

336 1095 445 1158 nervis
474 1094 559 1157 lenia
590 1092 674 1176 apud
706 1093 875 1156 Horatium
905 1095 953 1174 (A.
973 1092 1004 1155 P.
1026 1094 1066 1154 25
1098 1094 1188 1174 sq.)²)
1217 1095 1249 1155 et
1277 1093 1311 1154 in
1340 1098 1463 1155 oratore

338 1197 489 1261 mediocri
508 1216 700 1278 quamquam
716 1196 788 1278 plus
812 1197 978 1278 sanguinis
1002 1197 1043 1258 sit
1066 1215 1161 1277 quam
1185 1196 1220 1256 in
1239 1196 1339 1277 tenui,
1360 1201 1464 1258 tamen

336 1320 401 1362 non
425 1303 586 1385 scupuiais
607 1301 790 1384 plurimum,
820 1305 855 1362 ut
877 1299 945 1381 ipse
969 1298 1080 1362 Cicero
1108 1299 1192 1361 vires
1217 1299 1268 1361 vel
1296 1300 1462 1379 maximae,

335 1404 355 1464 i.
375 1421 401 1464 e.
422 1403 482 1465 hoe
513 1403 618 1484 ipsunt
649 1403 814 1485 sanguinis
844 1402 1026 1484 plurimum,
1057 1421 1121 1464 non
1152 1401 1308 1464 mediocri
1338 1401 1465 1482 tribuat,

335 1504 393 1568 sed
408 1505 602 1586 amplissimo
619 1505 742 1568 oratori.
778 1505 861 1568 Dein
885 1504 970 1587 quod
989 1504 1084 1568 Beier
1107 1506 1259 1585 hortatur,
1284 1511 1320 1567 ut
1344 1508 1461 1568 sonitus

334 1608 464 1686 scribae,
494 1609 630 1687 ‘sanitas
661 1609 678 1671 i.
699 1628 724 1671 e.
745 1610 909 1693 sapientia
938 1609 1038 1671 virtus
1063 1614 1111 1672 est
1134 1609 1221 1671 omni
1247 1608 1385 1671 orationi
1408 1627 1462 1670 ne

335 1711 511 1792 cessaria³).
541 1713 675 1792 quaesi
699 1712 732 1773 in
756 1712 830 1792 ulle,
855 1712 888 1773 in
917 1731 954 1776 eo
982 1730 1099 1791 genere
1130 1717 1235 1774 exstat
1265 1712 1406 1774 maxime
1430 1717 1460 1774 et

335 1815 462 1894 eminet,
487 1815 571 1895 quod
589 1815 627 1877 ab
652 1815 737 1877 omni
758 1834 858 1898 paene
883 1821 995 1878 ornatu
1020 1815 1210 1878 destitutum
1228 1815 1289 1878 hae
1309 1816 1379 1898 ipsa
1397 1816 1459 1876 vir-

335 1922 402 1980 tute
414 1917 575 1980 delectum
586 1922 844 1980 ornamentorum
857 1917 994 1998 quodam
1008 1916 1101 1979 modo
1118 1919 1314 2000 compensat’
1325 1920 1348 1997 4)
1365 1917 1459 1999 idque

334 2027 383 2084 est
405 2039 506 2103 genus
531 2027 636 2102 tenue,
660 2041 725 2098 non
750 2020 909 2084 mediocre
920 2022 950 2101 ⁵).
984 2020 1070 2096 Quas
1098 2020 1237 2102 denique
1262 2021 1461 2084 coniecturas

332 2122 466 2206 protulit
501 2123 729 2203 Baelrrensius,
761 2123 837 2186 Rev.
867 2123 906 2185 de
943 2123 1017 2206 phil.
1042 2122 1087 2202 X,
1119 2124 1161 2186 80
1194 2123 1372 2206 explanans
1403 2142 1458 2206 pro

332 2228 493 2289 suauitatis
515 2226 620 2307 potius
644 2229 812 2290 annositatis
836 2232 868 2289 et
892 2226 979 2288 vocis
1002 2244 1084 2306 quae
1108 2231 1156 2288 est
1178 2229 1372 2291 summissius
1390 2227 1457 2289 leco

332 2328 523 2392 substrictius
538 2347 609 2392 esse
629 2328 871 2409 restituendum,
895 2349 947 2392 eas
967 2329 1079 2392 eadem
1095 2329 1134 2391 de
1151 2349 1247 2392 causa
1264 2329 1458 2411 excogitatas

332 2431 479 2510 maxime,
497 2450 537 2493 ne
550 2431 634 2494 idem
647 2431 764 2494 iterum
776 2432 940 2514 scripsisse
954 2431 1117 2495 videretur
1127 2431 1257 2513 Tullius
1275 2451 1339 2496 nec
1355 2432 1458 2494 minus

332 2533 514 2614 superfluas
538 2553 653 2596 censeo
678 2553 774 2617 quam
798 2533 961 2597 Sclruetzii
985 2539 1016 2597 et
1035 2534 1149 2596 Beieri.
1173 2534 1351 2598 hinumera
1374 2534 1458 2597 enim

331 2634 476 2698 locorum
499 2636 669 2699 multitudo
694 2637 785 2699 nobis
810 2640 894 2699 esset
913 2637 1144 2718 commutanda,
1168 2638 1195 2700 si
1217 2637 1372 2701 vellemus
1392 2656 1457 2700 eer-

332 2739 445 2819 rigere,
479 2739 673 2821 ubieumque
705 2740 810 2823 parvis
843 2740 1019 2802 intervallis
1051 2740 1091 2802 lit
1122 2759 1238 2802 vocum
1270 2742 1419 2823 repetitio
1428 2741 1457 2820 6).

332 2841 454 2903 Videas
478 2842 564 2904 enim
587 2861 651 2923 que
676 2843 769 2905 modo
793 2842 841 2905 bis
865 2843 914 2904 vel
936 2850 984 2905 ter
998 2848 1183 2925 repetantur
1198 2843 1326 2926 singula
1347 2843 1456 2906 verba:

331 2988 421 3040 oratio
443 3004 543 3055 periere
557 2989 682 3054 primum
706 2994 729 3038 et
748 2990 828 3055 quusi
846 2989 933 3040 colore
952 2990 1068 3056 quodam
1090 2995 1114 3040 et
1137 3005 1201 3040 sicce
1223 3005 1281 3043 sue.
1307 2989 1343 3042 At
1363 3005 1458 3042 sucum

331 3073 453 3127 oratoris
473 3073 624 3126 mediocris
643 3090 701 3126 non
720 3090 782 3127 esse
802 3073 945 3141 proprium
964 3076 1040 3141 patet
1060 3091 1095 3127 ex
1113 3073 1157 3126 Or.
1171 3074 1187 3142 ξ
1201 3074 1243 3141 76,
1263 3073 1312 3127 ubi
1332 3074 1367 3128 de
1387 3073 1460 3127 tenui

331 3159 444 3211 oratore
455 3158 585 3225 legimus:
599 3161 650 3210 etsi
660 3161 731 3210 enim
745 3175 799 3210 mou
808 3159 929 3225 plurimi
938 3159 1086 3224 sanquim's
1097 3163 1142 3222 est,
1156 3157 1252 3210 habeat
1262 3164 1354 3210 tumen
1366 3175 1458 3210 sucum

330 3243 451 3310 aliquem
474 3250 585 3311 opertet,
605 3251 643 3309 ut,
664 3233 745 3296 etiam
768 3245 794 3296 si
816 3244 875 3294 illis
899 3245 1029 3295 maaivnis
1052 3244 1157 3295 viribus
1180 3250 1281 3308 careat,
1302 3247 1347 3310 sit,
1368 3251 1398 3296 ut
1420 3246 1458 3295 ite

330 3329 430 3393 dicum,
451 3331 559 3395 intepru
580 3323 741 3381 valetudine.

429 3414 445 3483 ¹)
464 3416 513 3468 Ed.
534 3431 558 3468 a.
580 3416 649 3469 1838
668 3432 729 3483 pag.
744 3415 796 3468 202
814 3431 873 3484 sqq.

424 3501 444 3568 ²)
462 3501 526 3553 Hor.
547 3501 632 3569 Epist.
653 3502 684 3565 ll,
698 3501 723 3569 3,
737 3501 772 3553 26
790 3517 829 3569 sq.
850 3501 981 3570 Bentley:
1001 3506 1146 3553 sectuutem
1163 3502 1238 3552 lenia
1258 3499 1304 3568 (al.
1323 3501 1408 3566 levia,
1428 3499 1460 3552 cl.

330 3587 440 3651 notam)
463 3587 543 3638 nervi
561 3587 697 3654 deficiunt.
734 3585 814 3639 Certe
838 3585 950 3653 quidem
970 3588 1055 3650 iterat,
1083 3585 1099 3638 i.
1114 3602 1138 3639 e.
1158 3586 1212 3653 vis,
1237 3601 1295 3638 non
1314 3585 1394 3653 peius
1414 3601 1460 3651 op-

330 3676 474 3740 ponuntur
494 3671 628 3725 suavitati
648 3688 731 3740 quam
751 3671 780 3724 in
799 3670 814 3740 §
833 3671 868 3726 69
887 3672 999 3725 flectere
1019 3671 1195 3726 delectando.

424 3755 444 3822 ³)
464 3754 504 3807 Cf.
519 3754 645 3809 Oratoris
659 3754 674 3823 ᾗ
687 3755 736 3808 99;
752 3756 804 3808 Ille
821 3759 893 3808 euim
905 3759 1075 3822 summissus,
1089 3759 1160 3825 qued
1172 3764 1250 3810 acute
1264 3764 1288 3808 et
1301 3759 1462 3810 ueteratorie

329 3841 407 3902 dicit,
426 3841 538 3908 sapiens
551 3846 649 3906 tamen,
668 3843 774 3894 medius
786 3845 888 3908 suavis,
905 3843 949 3894 lu'c
962 3849 1051 3895 autem
1064 3845 1273 3910 copiosissimus,
1293 3845 1320 3896 si
1339 3844 1412 3896 nihil
1424 3849 1460 3895 est

330 3925 420 3988 atiud,
439 3928 487 3977 uia
505 3927 575 3977 sutis
593 3943 679 3978 sortus
697 3928 786 3979 videri
804 3929 878 3980 solet.

421 4010 444 4077 ⁴)
461 4012 538 4065 Haec
558 4013 691 4080 explicuit
709 4013 819 4067 Goeller
839 4014 867 4065 in
888 4014 930 4067 ed.
945 4013 1049 4066 laudat.
1064 4029 1126 4080 pag.
1140 4013 1200 4066 207.

425 4096 445 4163 5)
465 4096 504 4149 Cf.
524 4094 569 4148 Or.
589 4098 604 4165 ᾗ
622 4099 669 4150 9οε
695 4100 832 4166 Quicquid
855 4105 892 4150 est
915 4099 1019 4150 salsum
1038 4104 1086 4149 aut
1104 4098 1214 4149 salubre
1232 4100 1262 4150 iu
1281 4101 1414 4164 oratioue,
1432 4099 1461 4150 id

324 4181 479 4251 proprium
489 4182 644 4236 Atticorum
657 4191 707 4250 est3
720 4185 765 4238 vel
780 4185 872 4254 Quint.
883 4185 915 4252 X,
931 4184 954 4251 1,
964 4183 1011 4236 44:
1030 4184 1083 4234 alii
1095 4198 1195 4250 pressa
1207 4183 1315 4234 demum
1331 4189 1356 4234 et
1368 4185 1461 4235 tenuia

330 4271 355 4318 et
375 4280 444 4331 quae
460 4268 607 4319 minimum
626 4269 659 4320 ab
679 4286 731 4321 usu
749 4271 885 4322 cotidiano
897 4270 1024 4322 recedunt
1041 4285 1111 4321 suna
1129 4275 1153 4320 et
1169 4285 1230 4320 vere
1242 4269 1335 4321 Attica
1344 4274 1462 4336 putant,¹

329 4348 450 4414 Ernesti,
471 4351 537 4403 Lex.
552 4352 621 4406 rhet.
641 4354 687 4407 lat.
703 4371 764 4422 pag.
779 4355 841 4409 341.

424 4433 444 4501 ⁰)
462 4436 492 4488 ld
511 4435 620 4502 pridem
639 4439 797 4492 Huschkius
817 4441 853 4493 ad
872 4440 973 4494 Tibulli
993 4442 1061 4508 eleg.
1080 4440 1168 4509 Ι,1,5
1188 4440 1360 4494 observavit.
