3228 5268
343 451 386 514 24
784 452 895 506 Xaver
913 451 1032 518 Hitrth,

342 631 407 692 nisi
430 627 514 692 bene
538 647 576 690 ac
601 627 761 710 sapienter
787 624 1037 705 iisusussit1).
1077 621 1167 685 Haec
1196 620 1357 684 sententia
1385 637 1469 682 mere

342 731 449 796 Stoica
473 735 529 795 est
556 729 670 812 Neque
689 733 838 811 putamus
862 727 920 790 hos
943 731 1095 808 quattuor
1113 725 1287 808 scriptores
1307 721 1347 784 ad
1365 721 1469 785 locum

341 834 434 898 illum
449 831 640 913 Aristotelis,
658 832 685 895 si
707 830 837 913 quidem
853 835 901 893 est
915 829 1107 910 Aristotelis,
1123 827 1284 909 recedere,
1301 827 1358 908 qui
1374 826 1468 890 semel

343 936 477 1000 eandem
493 933 683 1000 sententiam
699 933 791 1014 quasi
811 933 845 995 in
860 937 1048 997 transcursu
1063 928 1267 1013 perstrinxit3
1292 927 1371 992 dicit
1387 928 1469 991 enim

342 1039 457 1120 (magn.
482 1035 590 1100 moral.
613 1035 676 1116 12,
701 1036 786 1098 1183
803 1034 823 1097 b
841 1035 912 1116 30):
933 1033 1042 1115 *ἀρχή,
1067 1039 1216 1117 πλοῦτος,
1241 1033 1335 1116 lexic,
1354 1033 1469 1097 rdhloc

342 1140 447 1213 ἀγαθὰ
471 1142 526 1217 μὲν
546 1139 586 1215 δή
607 1138 695 1201 ἑετιν.
720 1135 929 1218 (δοκιμάζεται
952 1137 1012 1213 γὰρ
1037 1144 1074 1220 τῇ
1093 1141 1152 1201 τοῦ
1173 1138 1347 1202 επουδαίοα
1367 1135 1469 1199 αὐτῶν

342 1243 472 1307 ἕκαςτον
496 1243 611 1322 χρήεει,
636 1241 675 1304 οὐ
701 1245 737 1322 τῇ
760 1243 819 1303 τοῦ
839 1239 999 1322 φαύλου)’.
1024 1240 1064 1304 ci.
1084 1241 1180 1304 etiam
1198 1240 1274 1322 lgm.
1296 1241 1360 1303 113
1381 1238 1470 1304 Rosc.

342 1344 407 1409 Sed
430 1365 504 1410 omn
523 1345 663 1409 sciamus
687 1342 726 1406 de
751 1361 813 1405 usn
835 1361 944 1406 rerum
963 1347 1172 1408 externarum
1188 1343 1253 1406 iam
1272 1363 1292 1404 a
1309 1340 1470 1406 veteribus

341 1450 457 1516 Stoicis
476 1450 683 1514 vehementer
701 1447 898 1531 disputatum
917 1447 1028 1528 esse2),
1053 1445 1226 1510 verisimile
1250 1449 1299 1508 est
1322 1449 1471 1527 quattuor

341 1559 468 1617 nostros
490 1552 635 1616 rhetores
659 1551 851 1614 sententiam
874 1548 962 1614 illam
985 1548 1100 1613 Stoicis
1124 1547 1248 1612 debere.

431 1654 518 1732 Quos
534 1654 678 1716 rhetores
695 1653 825 1716 omnino
838 1673 857 1715 a
870 1651 1048 1716 Stoicorum
1058 1651 1320 1735 philosophormn
1329 1649 1472 1714 doctrine

340 1758 479 1841 pendere
492 1776 557 1820 non
570 1755 674 1818 solum
684 1775 726 1819 ex
739 1774 776 1819 co
791 1760 928 1838 apparet,
944 1754 1029 1837 quod
1042 1754 1176 1818 eandem
1188 1772 1299 1818 omnes
1314 1753 1472 1817 bonorum

339 1861 544 1944 partitionem
564 1858 719 1941 praebent
734 1858 934 1940 eandemque
950 1857 990 1922 de
1005 1877 1067 1921 usu
1090 1855 1247 1921 bonorum
1264 1861 1470 1920 externorum

340 1965 519 2028 doctrinam
543 1961 750 2044 profitentur,
779 1960 836 2025 sed
863 1960 915 2024 vel
937 1962 1077 2024 maxime
1102 1979 1219 2042 exce,
1248 1959 1338 2042 quod
1362 1959 1471 2024 eadem

340 2074 436 2150 atque
452 2066 552 2130 Stoici
566 2064 704 2147 petenda
723 2069 779 2128 aut
793 2064 955 2128 laudanda
978 2083 1047 2128 esse
1064 2064 1196 2145 docent;
1221 2064 1308 2146 quod
1328 2083 1346 2127 e
1370 2083 1406 2127 re
1426 2068 1472 2127 est

340 2171 566 2234 demonstrare.
577 2166 730 2250 Adiungo
741 2172 847 2230 autem
857 2167 897 2230 ad
907 2169 1128 2249 quaestionem
1138 2168 1239 2249 magis
1249 2167 1471 2230 illustrandam

340 2274 436 2337 etiam
461 2290 499 2334 ea
521 2270 614 2348 bona,
639 2288 720 2351 quae
745 2269 967 2333 Anaximenes
991 2270 1131 2334 exhibet.

430 2372 522 2451 Quod
546 2373 644 2436 bona
667 2377 830 2436 externa
852 2374 973 2454 attinet,

429 2477 649 2541 Anaximenes
672 2476 803 2558 praebet
830 2478 888 2559 (cp.
913 2479 932 2539 3
958 2482 990 2540 et
1018 2496 1065 2560 cp.
1091 2476 1161 2556 35):
1199 2476 1347 2560 εὐγένεια,
1376 2479 1469 2566 φίλοι,

339 2585 478 2646 πλοῦτος
501 2583 659 2664 (χρήματα
683 2587 714 2645 et
737 2583 894 2664 κτήματα).

430 2683 641 2747 Cornificius:
658 2703 769 2768 genus,
783 2683 972 2767 educatio,
985 2685 1124 2767 divitiae,
1136 2689 1319 2768 potestas,
1335 2684 1469 2766 gloria,

220 2865 223 2870 Ι
340 2786 462 2866 civitas,
487 2787 590 2848 amici.

430 2887 542 2951 Cicero
562 2888 613 2969 (de
629 2890 750 2951 invent.
768 2889 802 2951 Π
819 2891 870 2972 59,
889 2892 969 2969 1173
991 2890 1030 2954 de
1050 2896 1127 2953 orat.
1146 2889 1179 2953 H
1197 2892 1248 2971 11,
1264 2891 1335 2969 46);
1360 2890 1469 2968 honos,

339 2991 504 3073 pecuniae,
528 2990 678 3072 affinitas
697 3009 808 3073 genus,
829 2992 933 3073 antici,
956 2992 1065 3074 patria,
1080 2991 1224 3073 potentia
1240 2989 1372 3074 [omittit
1395 2989 1471 3054 edu·

340 3092 519 3176 cationeml.

433 3236 453 3302 ¹)
472 3234 684 3290 Cornificius
698 3235 770 3304 1117,
785 3235 876 3301 143-
890 3235 1011 3290 Cicero
1025 3235 1347 3304 deinvenl.1159,117:
1366 3235 1470 3288 ‘videre

339 3324 434 3375 autem
460 3319 489 3373 in
513 3319 657 3374 laudando
683 3324 711 3374 et
736 3319 766 3372 in
791 3320 977 3388 vituperando
1001 3321 1141 3389 oportebit
1167 3338 1225 3375 non
1249 3325 1316 3390 tam,
1343 3337 1416 3390 quae
1441 3321 1470 3373 in

339 3421 457 3473 corpore
477 3403 574 3458 autin
596 3404 725 3459 extrariis
751 3405 836 3458 rebus
854 3405 985 3459 habuerit
1004 3406 1036 3472 is,
1057 3405 1091 3460 de
1111 3423 1166 3474 quo
1186 3410 1292 3476 agetur,
1312 3422 1398 3474 quarn
1417 3421 1470 3474 quo

338 3492 422 3558 pacto
441 3488 485 3542 his
504 3489 588 3543 rebus
607 3506 677 3543 usus
706 3489 758 3543 sit’.
789 3489 828 3544 Cf.
849 3490 934 3544 etiam
954 3491 988 3544 de
1008 3495 1078 3544 orat.
1098 3491 1121 3543 11
1141 3490 1183 3558 11,
1196 3491 1243 3557 46;
1265 3495 1292 3544 et
1309 3491 1334 3544 ΙΙ
1352 3491 1396 3559 84,
1410 3491 1468 3545 342.

339 3604 373 3613 -
393 3573 631 3642 Quintilianus
650 3575 795 3643 1117‚13:
822 3575 882 3629 ‘scd
906 3577 1010 3643 omnia,
1035 3591 1107 3644 quae
1127 3581 1207 3630 extra
1230 3592 1283 3630 nos
1302 3577 1379 3631 bona
1398 3581 1469 3645 sunt,

339 3674 467 3728 quaeque
480 3659 642 3714 hominibus
661 3659 733 3714 forte
747 3659 913 3729 optigcrunt,
927 3676 985 3714 non
1003 3660 1067 3714 idco
1080 3661 1239 3728 laudantur,
1254 3661 1328 3732 quod
1340 3661 1471 3716 habuerit

338 3743 401 3811 quis
422 3759 464 3810 ea,
484 3743 534 3796 sed
557 3744 631 3813 quod
655 3745 691 3798 iis
719 3744 837 3799 honeste
861 3745 898 3798 sit
916 3745 1001 3799 usus’.
1031 3745 1064 3798 Et
1087 3745 1175 3800 Theo
1197 3745 1307 3816 (Speng.
1328 3747 1369 3800 rh.
1390 3764 1428 3816 gr.
1447 3747 1471 3800 ll

339 3826 475 3896 111‚12):
495 3827 576 3892 ’μετὰ
594 3828 625 3881 δέ
642 3829 676 3881 τὸ
692 3828 848 3895 προοίμιον
867 3830 951 3883 εὐθὺς
971 3829 1035 3896 περί
1059 3829 1199 3894 εὐγενείας
1214 3833 1337 3898 ἐροῦμεν
1351 3831 1470 3885 καὶτῶν

338 3913 435 3966 ἄλλων
452 3916 515 3964 τῶν
532 3929 564 3966 τε
584 3914 664 3967 ἐκτδε
682 3915 726 3967 καὶ
745 3914 812 3981 περί
831 3920 912 3982 εῶμα
932 3917 1047 3980 ἀγαθῶν
1068 3917 1120 3981 οὐχ
1139 3918 1236 3971 ἁπλῶς
1254 3917 1315 3970 οὐδ’
1331 3920 1372 3971 ὼε
1392 3920 1470 3982 ἔτυχε

339 3997 427 4061 λόγον
446 3999 636 4063 διατιθέμενοι
656 4000 714 4053 ἀλλ’
735 4000 782 4066 ἐφ’
803 3999 920 4055 ἑκιίετου
938 4002 1105 4070 δεικνύντες,
1127 4003 1172 4056 ὅτι
1193 4003 1230 4068 μὴ
1247 4003 1387 4072 ἀνοήτως,
1402 4004 1470 4056 ἀλλὰ

339 4081 493 4149 φρονίμως
512 4082 557 4136 καὶ
576 4085 617 4137 ὼε
636 4086 692 4138 ἔδει
712 4087 811 4140 obruit
830 4087 966 4155 explicaro
986 4088 1054 4141 κτλ.’

429 4166 496 4235 ²)De
505 4166 697 4238 Chrysippo
706 4170 774 4224 dicit
784 4171 860 4240 Diog.
870 4172 962 4227 Laert.
972 4172 1077 4226 v11102
1087 4171 1132 4240 (=
1142 4172 1239 4226 Arnim
1247 4173 1263 4227 l.
1275 4189 1299 4226 c.
1310 4173 1346 4227 Ill
1356 4173 1468 4243 tr.117):

339 4252 456 4321 πλούτῳ
467 4270 498 4306 τε
513 4253 558 4307 καί
572 4256 664 4324 ὑγιείᾳ
674 4258 747 4309 ἔετιν
758 4258 788 4310 εὖ
804 4258 849 4312 καὶ
863 4262 956 4314 κακῶ(
968 4261 1094 4326 χρῆεθαι,
1106 4259 1158 4312 οὐκ
1171 4258 1215 4324 tp’
1227 4260 1336 4324 ἀγαθὸν
1346 4263 1470 4314 πλοῦτοε

338 4336 384 4390 καί
396 4338 494 4403 ὑγίεια.
515 4339 555 4394 cf.
569 4341 800 4412 Plutarchum,
815 4344 849 4398 dc
868 4343 1270 4413 Stoic.repugn.31pg.10480
1282 4344 1327 4414 (=
1336 4345 1435 4400 Arnim
1447 4346 1469 4399 Il

338 4424 370 4476 lr.
383 4423 453 4493 123).
484 4425 560 4478 ldem
579 4425 687 4480 Cebes
707 4444 749 4496 cp.
763 4429 798 4482 36
818 4446 875 4499 seq.
