3228 5268
305 462 355 525 De
374 460 497 530 Gregorii
515 458 692 515 Naziauzeui
708 460 884 516 orationibus
901 463 1073 519 funebribus.
1223 461 1265 526 6]

119 653 225 716 quare
251 633 325 697 reri
350 637 401 697 est
423 631 674 698 dissimillimum
692 631 890 718 Gregorium,
915 637 943 700 si
967 655 1007 700 eo
1027 641 1180 720 tempore,
1199 658 1267 720 quo

118 737 309 800 orationem
342 734 490 817 confecit,
519 733 707 798 rescivisset
735 735 928 819 Apollinarii
960 738 1138 806 doctrinam
1169 741 1266 823 plene

117 840 158 904 ab
195 839 461 903 orthodoxorum
499 839 686 921 abhorrere,
725 841 797 904 eius
834 842 1031 908 mentionem
1070 845 1266 908 omissurum

115 943 234 1026 tuisse,
267 963 348 1007 cum
375 942 554 1006 necessario
584 946 782 1024 compertum
811 943 955 1027 haberet,
984 947 1097 1027 quanti
1124 946 1265 1013 Basilius

115 1047 370 1130 Apollinarium
410 1045 611 1109 aestimasset
621 1045 652 1127 ¹).
697 1045 782 1129 Brgo
824 1046 998 1130 Gregorius
1037 1049 1064 1112 si
1102 1054 1174 1132 post
1208 1070 1264 1116 an-

114 1169 199 1212 num
228 1150 298 1214 382
326 1149 503 1212 orationem
526 1147 692 1230 edidisset,
723 1148 835 1214 debuit
863 1155 950 1215 certo
979 1171 1156 1236 exponere,
1184 1153 1264 1234 quid

114 1252 266 1316 Basilius
292 1251 337 1316 de
361 1251 557 1335 Apollinaris
581 1253 731 1333 senserit,
755 1257 793 1315 ut
815 1272 904 1336 enm,
929 1255 956 1316 si
979 1274 1034 1319 res
1055 1256 1263 1340 postularent,

116 1356 333 1434 defenderet3
359 1353 445 1436 quod
468 1374 533 1417 non
555 1354 641 1418 lecit.
676 1353 741 1420 Hic
764 1357 792 1419 si
820 1357 893 1437 quis
918 1356 1037 1422 dixerit
1060 1359 1264 1424 detensiones

114 1477 287 1542 agenere
316 1458 506 1538 rationeque
534 1457 756 1520 laudationum
784 1458 905 1522 ahenas
930 1477 1013 1542 esse,
1041 1461 1264 1528 Nazianzenus

113 1567 185 1647 ipse
219 1565 258 1626 in
283 1563 352 1626 hac
373 1568 482 1626 nostra
511 1563 654 1626 oratione
678 1563 836 1626 Basilium
866 1565 1022 1628 insimili
1048 1586 1084 1630 re
1108 1567 1262 1632 defendit

113 1666 303 1748 Postquam
322 1666 409 1728 enim
425 1667 582 1748 exposuit
606 1685 704 1747 quam
727 1665 905 1730 doctrinam
920 1667 1059 1733 Basilius
1083 1669 1122 1734 de
1142 1669 1263 1753 Spiritu

113 1770 239 1834 Sancto
263 1767 436 1852 professus
457 1769 506 1850 sit,
535 1769 642 1852 pergit
663 1773 782 1833 orator:
820 1769 881 1833 ‘rol
908 1774 1008 1834 ταῦτα
1039 1776 1177 1855 διῆλθον,
1202 1773 1262 1852 οὐχ

112 1875 168 1938 ἵνα
202 1877 265 1950 τῆς
304 1870 427 1934 ἐκείνου
462 1871 557 1948 δόξης
592 1873 975 1950 ὑπεραπολογήεομαι
1007 1875 1168 1956 (κρείττων
1199 1876 1261 1952 γὰρ

113 1981 181 2040 τῶν
208 1973 501 2055 ἐγκαλούντων,
526 1974 610 2052 εἴπερ
634 1975 714 2038 nuic
738 1975 819 2057 εἰςιν,
848 1975 867 2039 ὁ
892 1975 993 2059 ἀνήρ),
1018 1975 1164 2041 ἀλλ’ἵνα
1188 1977 1261 2042 aab?

114 2081 175 2163 (cp.
195 2080 265 2162 69).
301 2076 418 2140 Orator
445 2077 532 2140 enim
560 2097 635 2141 cum
659 2076 739 2141 dicit
761 2098 796 2142 se
820 2078 977 2142 Basilium
1005 2099 1143 2162 purgare
1166 2080 1260 2162 nolle,

113 2182 238 2248 diserte
275 2199 354 2245 eum
383 2179 536 2244 defendit.
566 2180 609 2243 Et
631 2199 701 2245 mea
733 2182 866 2262 quidem
894 2184 1053 2245 sententia
1080 2183 1198 2246 oratori
1221 2202 1260 2247 eo

111 2288 184 2352 loco
210 2289 277 2370 (op.
298 2285 453 2366 68-69),
480 2284 537 2347 ubi
566 2284 809 2366 demonstratur,
838 2304 902 2366 quo
931 2287 1037 2349 animo
1060 2286 1201 2350 Basilius
1225 2287 1260 2351 in

113 2391 267 2475 singulas
297 2388 461 2451 doctrinas
489 2387 527 2450 ab
556 2387 743 2451 orthodoxis
770 2387 977 2453 abhorrentes
1004 2389 1110 2472 fuerit,
1136 2391 1260 2473 Apolli-

112 2497 228 2558 narius
267 2510 402 2575 quoque
438 2490 737 2556 commemorandus
770 2496 844 2555 erat.
881 2491 975 2568 Quod
1010 2495 1162 2574 quoniam
1194 2515 1260 2558 non

112 2597 200 2680 feeit,
228 2595 397 2662 concludo
414 2595 590 2658 orationem
605 2598 678 2657 ante
703 2614 822 2657 annum
841 2596 905 2659 382
931 2596 1049 2660 editam
1073 2615 1156 2676 esse;
1175 2598 1261 2662 edita

113 2706 162 2765 est
185 2703 298 2784 igitur
320 2699 408 2761 inter
430 2702 621 2760 autumnum
643 2699 720 2760 anni
744 2700 807 2762 381
834 2704 867 2762 et
889 2719 1008 2762 annum
1033 2702 1107 2764 382.

205 2802 281 2868 Sed
313 2801 368 2865 vel
403 2801 452 2864 his
486 2800 656 2864 artioribus
690 2801 812 2864 finibus
847 2806 974 2884 tempus
1010 2804 1163 2867 orationis
1199 2805 1260 2868 cir·

113 2905 346 2972 cumscribere
370 2903 462 2967 nobis
485 2903 569 2985 licet
593 2904 621 2968 si
644 2905 802 2987 ponimus,
826 2905 860 2967 id
884 2906 971 2986 quod
995 2907 1071 2969 mihi
1098 2907 1259 2991 probatur,

111 3013 310 3092 laudationi,
343 3029 441 3098 quam
470 3029 558 3074 nuno
582 3013 738 3090 tenemus,
767 3010 942 3073 orationem
967 3011 1095 3093 publice
1119 3011 1259 3074 habitam

111 3118 310 3198 dictamque
340 3112 481 3177 subesse.
515 3113 596 3176 Cum
625 3112 723 3195 enim,
753 3116 789 3174 ut
817 3131 915 3197 supra
941 3113 1091 3196 vidimus
1119 3114 1259 3178 Basilius

110 3219 180 3284 Kal.
198 3220 276 3284 Ian.
299 3219 448 3279 mortuus
471 3217 513 3279 sit
536 3215 755 3296 usitatumque
778 3215 877 3279 inerit
903 3217 1091 3280 memoriam
1117 3220 1259 3280 mortuo·

109 3344 184 3387 rum
217 3319 346 3385 diebus
377 3318 604 3382 anniversariis
635 3317 809 3400 celebrare,
840 3319 1015 3383 orationem
1046 3317 1116 3382 Kal.
1140 3319 1206 3384 lan.
1231 3339 1258 3382 a.

111 3429 174 3491 381
204 3422 359 3488 habitam
385 3439 455 3484 esse
478 3420 645 3484 contendo.
677 3420 850 3503 Gregorius
872 3422 979 3504 igitur,
1008 3427 1179 3504 postquam
1202 3442 1259 3485 au-

110 3538 229 3596 tumno
261 3547 289 3589 a.
312 3525 378 3588 381
409 3523 682 3608 Constantinopoli
716 3525 844 3588 domum
880 3545 1032 3590 reversus
1063 3524 1258 3607 aliquamdiu

110 3629 343 3642 ——--—--·

204 3678 233 3748 ¹)
255 3671 424 3739 Drasdea,
443 3671 460 3725 l.
475 3689 499 3726 c.
513 3688 556 3742 pg.
566 3672 634 3728 476:
655 3672 802 3727 ‘Basileios
812 3674 863 3728 hat
875 3676 971 3742 spater
979 3671 1054 3725 noch
1064 3669 1094 3724 in
1104 3671 1154 3726 der
1163 3675 1259 3726 ersten

111 3764 207 3818 Hallte
224 3761 284 3816 der
295 3756 437 3825 siebziger
448 3756 535 3812 lehre
548 3773 604 3812 aus
612 3757 705 3811 seiner
718 3757 825 3826 grossen
837 3756 1000 3824 Verehrung
1012 3756 1057 3809 sur
1068 3755 1258 3824 Apollinarius

112 3849 180 3904 kein
200 3846 280 3902 Hehl
301 3841 441 3913 gemacht,
464 3859 548 3897 wenn
571 3858 601 3896 er
620 3843 694 3898 auch
712 3857 770 3895 von
788 3841 923 3896 kleinlich
943 3841 1109 3895 denkenden
1129 3839 1258 3895 Geistern

110 3933 194 4002 jener
207 3934 242 3987 in
257 3927 514 3984 Glaubenssachen
526 3927 649 3982 vielfech
662 3927 738 3980 nach
750 3926 856 3981 blossen
869 3926 1080 3994 Schlagworten
1092 3924 1258 3979 riohtenden

112 4019 175 4074 Zeit
187 4015 359 4081 umdrangt·
367 4011 425 4065 und
437 4012 578 4082 hehelligt‚
595 4029 643 4068 um
656 4012 707 4067 der
718 4012 828 4066 damels
841 4011 871 4064 in
884 4011 933 4065 der
946 4009 1158 4064 trinitatischen
1170 4010 1257 4078 Frage

112 4105 164 4159 mit
183 4097 389 4176 Apollinarios
410 4097 662 4154 hervortretenden
680 4095 1074 4166 Meinungsverschicdenheit
1092 4094 1188 4148 willan
1208 4093 1257 4147 be·

113 4190 195 4244 miiht
219 4203 295 4253 war,
324 4181 382 4236 den
405 4181 557 4238 Gedenken
584 4199 621 4237 an
645 4180 761 4251 geistige
787 4180 845 4234 und
871 4179 1024 4234 kirchliche
1047 4177 1257 4234 Gemeiuschalt

113 4274 165 4330 mit
190 4275 259 4330 dem
286 4265 466 4324 Laodicener
488 4268 588 4322 immer
612 4267 694 4324 mehr
718 4265 777 4320 und
800 4265 900 4320 immer
925 4263 1178 4319 nachdritcklicher
1199 4277 1257 4315 von

114 4361 177 4414 sich
197 4376 236 4414 zu
255 4352 388 4412 waisen’.
