3240 5252
120 489 214 576 [251]
574 497 670 551 Studia
690 497 828 551 Tulliana.
1233 497 1275 558 91

123 677 189 756 til,
212 680 249 736 ut
266 672 511 735 demonstraret
529 669 643 752 agendi
662 669 790 731 initium
810 669 989 733 secundum
1010 671 1094 734 vires
1114 671 1274 753 cuiusque

121 778 326 842 sumendum
340 793 416 838 esse
428 777 595 835 nectamen
608 772 792 834 tirocinium
803 772 1021 836 differendum
1032 792 1101 836 esse
1113 774 1146 835 in
1159 792 1272 838 senec-

122 887 234 947 tutem.
262 880 374 957 Quem
396 881 504 940 autem
523 876 641 938 nimius
661 894 761 958 pavor
778 875 819 938 ab
844 896 940 958 opere
959 877 1066 959 aliquo
1085 878 1271 959 incipiendo

122 987 251 1066 retinet,
273 983 396 1047 anxiae
414 980 484 1042 cius
501 980 599 1042 menti
615 997 704 1061 spem
722 979 872 1060 viresque
888 979 1015 1043 inducit
1030 979 1070 1042 ad
1086 979 1272 1063 exemplum

122 1090 217 1153 Tullii
243 1086 383 1150 iuvenis
406 1103 464 1166 pro
487 1083 601 1146 Roscio
626 1082 764 1145 dicentis
789 1102 861 1145 enm
886 1103 1005 1146 vocans
1032 1084 1121 1148 hisce
1145 1085 1269 1148 verbis:

124 1193 159 1258 Si
178 1193 261 1279 quid
281 1191 362 1254 desit
381 1189 474 1271 operi,
493 1186 610 1270 supplet
625 1192 716 1267 aetas,
735 1193 763 1250 et
781 1189 809 1250 si
824 1208 886 1272 qua
903 1194 976 1251 suut
990 1189 1072 1252 dieta
1087 1189 1271 1271 iuveniliter,

119 1317 179 1381 pro
202 1295 315 1361 indole
338 1291 545 1373 accipiuntur,
569 1296 603 1352 ut
626 1296 705 1352 totus
727 1289 778 1352 ille
800 1288 955 1354 Ciceronis
972 1311 1034 1374 pro
1056 1289 1145 1354 secu
1160 1289 1271 1356 Roscio

123 1385 218 1464 locam:
241 1396 342 1477 ‘Quid
353 1396 438 1457 enim
447 1397 510 1455 tam
522 1412 679 1455 commuue
690 1413 783 1476 quam
796 1394 925 1476 spiritus
940 1395 1020 1473 viris,
1033 1400 1118 1456 terra
1132 1398 1270 1476 mortuis,

124 1523 211 1568 mare
231 1494 468 1584 fluctuantibus,
489 1494 563 1558 litus
581 1497 680 1558 eiectis
689 1494 715 1555 'l’
740 1494 825 1573 Quae
843 1515 910 1559 cum
934 1515 985 1558 sca
1003 1502 1030 1559 et
1049 1498 1159 1581 cipiuti
1177 1503 1272 1562 uatus

124 1626 225 1670 auuos
246 1602 380 1667 summis
400 1597 591 1661 audiautium
611 1596 794 1661 clamoribus
813 1598 937 1678 dicarit,
957 1597 1119 1680 defervisse
1137 1606 1272 1683 tempore

124 1715 151 1774 a
171 1710 272 1773 cuuis
290 1705 413 1789 liquata
431 1703 494 1764 iam
511 1703 611 1764 scuiar
625 1699 706 1763 idem
723 1699 850 1780 fatetur.
876 1701 1036 1763 Aoeurate
1054 1701 1153 1782 igitur
1169 1700 1272 1776 Quin-

125 1811 263 1874 tilianus
288 1806 357 1869 illic
382 1803 553 1884 exscripsit
577 1802 658 1865 lianc
679 1801 821 1865 Oratoris
845 1804 1086 1886 paragraphum.
1111 1803 1271 1868 Libellum

126 1911 327 1993 conscripsit
358 1906 470 1970 Cicero
501 1905 563 1967 iam
595 1906 710 1967 senior.
749 1905 842 1968 Unde
874 1911 941 1969 orta
970 1913 1046 1968 sunt
1076 1907 1189 1988 ultima
1217 1907 1271 1972 illa

127 2014 342 2093 Quintiliani:
360 2014 425 2075 iam
440 2011 541 2073 maior
555 2009 636 2071 idam
652 2007 780 2090 fatetur.
800 2007 841 2071 Se
858 2008 1134 2072 adulescentulum
1152 2010 1270 2073 mirum

126 2119 260 2202 quantis
290 2113 492 2178 audientium
521 2110 715 2174 clamoribus
744 2130 781 2174 ca
810 2111 931 2174 dixisse
960 2112 1058 2175 refert
1082 2112 1208 2193 (licere,
1238 2118 1271 2177 et

127 2224 224 2305 plane
263 2219 378 2308 eadem
412 2215 565 2297 leguntur
597 2213 651 2276 illc
684 2214 755 2277 loco
789 2234 806 2278 e
841 2214 1031 2291 Quintiliani
1063 2214 1270 2280 Institutione

125 2326 269 2389 laudato.
294 2321 385 2384 Idem
405 2318 543 2399 denique
562 2318 652 2379 locus
672 2336 713 2379 cx
733 2320 876 2380 oratione
895 2337 952 2400 pro
972 2317 1088 2381 Roscio
1108 2318 1213 2380 habita
1230 2319 1269 2382 ab

127 2435 270 2509 utroque
296 2423 440 2486 affertur.
472 2420 584 2501 Itaque
609 2420 706 2482 etiam
730 2420 784 2483 illa
809 2421 905 2483 verba
929 2440 1010 2502 qnae
1034 2423 1111 2483 sunt
1138 2428 1271 2505 tempora

1 2591 2 2614 ff
127 2539 155 2596 ct
179 2531 278 2596 cuuis
305 2528 425 2612 liquata
453 2543 494 2586 ex
524 2523 584 2585 hoc
612 2522 754 2586 Oratoris
782 2524 851 2587 loco
881 2523 994 2587 hausta
1017 2542 1087 2586 esse
1111 2522 1271 2606 videntur,

127 2633 322 2717 praesertim
342 2647 417 2692 cum
437 2626 522 2690 idem
540 2625 757 2702 Quintilianus
774 2626 849 2706 XII,
869 2629 896 2708 1,
914 2628 956 2689 20
976 2646 1017 2689 ex
1035 2626 1095 2689 hoc
1111 2626 1180 2708 ipso
1196 2626 1271 2691 loco

128 2737 247 2800 afferat
268 2731 382 2796 verba:
403 2737 431 2794 ct
449 2751 479 2794 se
494 2732 557 2813 ipsc
576 2729 673 2792 madia
697 2751 734 2793 aa
752 2731 808 2794 illa
826 2730 955 2794 iuucuili
973 2731 1168 2794 abundantia
1188 2750 1272 2794 cacr-

126 2843 226 2904 cuiasa
244 2842 385 2901 testatur.
410 2832 499 2895 Haec
515 2833 570 2914 qui
591 2833 727 2914 scripsit,
745 2833 837 2915 plura
857 2853 950 2914 quam
969 2832 1124 2896 exhibent
1143 2831 1272 2897 codices

129 2943 192 3005 hoc
220 2940 293 3002 loco
321 2937 410 3018 legit,
438 2936 496 2998 etsi
525 2935 578 2997 hie
606 2953 738 2997 sensum
762 2935 863 3017 magis
888 2955 983 3017 quam
1012 2936 1082 3017 ipsa
1105 2933 1272 2999 Ciceronis

129 3044 230 3108 verba
256 3039 423 3123 expressit.
455 3037 543 3113 Quae
569 3057 627 3119 ego
658 3057 700 3101 ex
725 3038 831 3119 priore
855 3040 962 3121 potius
991 3038 1060 3100 loco
1085 3055 1213 3101 sumere
1238 3044 1271 3101 et

128 3148 163 3209 in
188 3147 340 3209 lacunam
364 3142 517 3224 agnitam,
543 3147 706 3223 ruspare,
731 3142 874 3223 recipere
899 3161 962 3205 nou
987 3140 1109 3220 dubito,
1133 3141 1179 3203 ita
1201 3138 1271 3206 fere

130 3255 167 3312 ut
190 3247 370 3312 scribatur:
394 3248 462 3329 ipsu
480 3247 562 3308 cuim
584 3245 640 3307 iila
665 3243 738 3327 [pro
757 3244 876 3328 Roscio]
897 3244 1038 3309 iuccuilis
1055 3244 1270 3310 reduudautia

129 3354 228 3417 multu
248 3350 339 3414 habet
352 3353 520 3427 attenuata,
539 3348 689 3431 quaedam
708 3350 801 3411 ctiam
816 3348 914 3431 paulo
931 3347 1094 3428 hilariora,
1114 3353 1176 3427 <ut
1198 3348 1268 3412 illa:

131 3507 163 3518 ..
186 3506 193 3518 .
216 3506 223 3518 .
245 3477 275 3520 .;
304 3473 342 3516 ac
364 3451 459 3515 mulio
477 3451 575 3534 plura
598 3450 685 3514 liubai
712 3453 812 3514 oratio
834 3457 941 3514 uestra
965 3456 1096 3534 tempore
1119 3457 1147 3513 et
1174 3454 1268 3515 cuuis

129 3560 288 3646 liquata>q
313 3561 349 3618 ut
366 3575 428 3639 pro
453 3553 575 3633 Habito,
593 3574 655 3638 pro
681 3553 821 3617 Ooruclio
843 3554 1069 3638 compluresque
1092 3553 1180 3616 aliae.

221 3765 240 3845 ξ
268 3763 332 3824 122
361 3760 528 3843 leguntur:
561 3759 636 3824 Cum
663 3767 726 3823 iam
745 3781 848 3843 pauca
872 3762 934 3824 siut
955 3780 1068 3844 panaro
1091 3780 1268 3842 causarum,

127 3871 221 3932 etiam
237 3870 493 3950 urpumeutorum
504 3870 669 3947 praecepta
681 3884 785 3946 pauca
799 3870 888 3927 suut:
907 3863 1019 3927 traditi
1034 3870 1114 3936 suut,
1128 3884 1144 3926 c
1159 3862 1269 3947 quibus

127 3993 162 4035 aa
181 3971 351 4048 ducantur,
375 3967 510 4051 duplices
531 3966 596 4044 loci,
622 3969 679 4029 uui
701 3987 716 4029 e
735 3965 823 4030 relus
841 3969 925 4051 ipsis,
945 3966 1038 4030 alteri
1055 3967 1222 4049 adsumpti.

237 4070 377 4134 Gravius
406 4069 473 4132 iero
497 4068 531 4129 in
555 4068 644 4131 verbi
669 4068 755 4149 qnod
780 4073 829 4131 est
851 4069 1010 4153 adsumpti
1032 4068 1267 4150 praepositione

4 4213 5 4260 1
128 4181 256 4240 acutam
276 4191 390 4235 vocem
410 4190 480 4234 esse
499 4172 643 4252 positam,
668 4170 723 4234 sed
740 4170 841 4233 nihilo
859 4172 966 4233 minus
982 4170 1057 4234 inde
1073 4169 1268 4233 subaudien-

127 4281 203 4343 dum
225 4296 299 4343 esse
318 4275 357 4338 ad
378 4277 483 4358 priora
502 4275 651 4338 sumendi
670 4275 812 4339 verbum.
848 4275 919 4351 Qua
937 4295 1035 4339 causa
1055 4293 1269 4371 commoveor,

4 4387 5 4414 ³
129 4389 162 4446 ut
180 4379 338 4465 equidem
354 4379 472 4461 legam:
492 4382 551 4443 uui
567 4382 708 4463 <sumpti
714 4385 732 4455 >
750 4401 765 4443 c
784 4379 873 4444 rebus
887 4383 970 4464 ipsis
988 4380 1081 4444 alteri
1098 4379 1265 4462 adsumpti.
