3240 5258
344 499 407 561 140
799 502 909 556 Xavar
927 503 1046 571 north,

342 677 489 759 amplexa
518 681 565 738 est
596 674 862 756 significationem
897 674 982 757 apud
1017 674 1223 757 Gregorium:
1264 682 1478 757 opponuntur

228 761 234 784 ⁶
342 781 429 844 enim
445 778 571 857 μιγάδες
584 784 616 840 et
630 779 783 855 μοναςτοί.
801 777 884 840 Sunt
898 779 1021 855 μιγάδες
1033 779 1065 859 ii,
1080 780 1180 860 quiin
1193 779 1359 842 coenobiis
1375 779 1477 841 vitam

342 885 463 966 degunt
478 883 537 964 (ut.
551 881 663 963 Magn:
683 882 808 959 μιγάδες
824 881 853 944 οἱ
869 882 902 944 ἐν
920 883 1086 959 κοιναβίοις
1102 881 1303 962 μεμιγμένοι);
1322 882 1405 944 item
1421 900 1477 962 op-

341 985 547 1070 ponunturB
565 986 622 1047 62:
645 983 710 1062 βίος
726 987 814 1060 μιγάς
834 989 865 1048 et
885 984 950 1062 βίος
967 984 1119 1062 ἐμημικός.
1142 982 1400 1064 Significationis
1421 1003 1478 1047 no-

341 1090 444 1152 viciae
456 1089 613 1151 rationem
628 1088 729 1168 aperit
744 1087 822 1149 B81
834 1107 841 1149 :
854 1089 928 1150 τοὺς
943 1092 998 1164 τῆς
1013 1088 1166 1168 ἐπιμιξίας,
1179 1088 1253 1149 τοὺς
1268 1091 1324 1164 τῆς
1337 1087 1478 1164 ἐρημίας.

430 1195 542 1267 πεῖρα
565 1191 728 1252 tentatio
752 1189 896 1253 diaboli
920 1210 976 1273 pro
1000 1189 1169 1267 πειραςμός
1191 1189 1218 1251 Β
1237 1191 1293 1251 33:
1319 1193 1416 1266 πείρα
1436 1187 1478 1265 ἦν

342 1297 399 1357 τοὺ
423 1295 577 1370 Πονηροὺ
602 1294 651 1354 καὶ
674 1293 763 1368 πάλη.

431 1398 604 1477 -γ-πολλῷ
634 1400 684 1476 τῷ
715 1395 883 1473 περιόντι
914 1395 1021 1473 Β72;
1054 1395 1107 1458 hic
1141 1413 1244 1457 sermo
1277 1393 1364 1476 apud
1398 1395 1478 1459 Gre-

341 1499 468 1581 gorium
491 1497 629 1579 primum
654 1497 731 1558 mihi
756 1497 903 1578 occurrit
928 1497 967 1560 cf.
984 1496 1011 1559 B
1028 1499 1087 1560 37:
1113 1500 1210 1578 πολλῇ
1234 1504 1270 1580 τῇ
1295 1498 1476 1580 περιουςίᾳ;

342 1602 369 1663 Β
387 1603 445 1663 38;
470 1603 515 1680 τῷ
526 1599 663 1676 περιόντι
674 1603 729 1675 τῆς
742 1600 862 1677 ἀρετῆς.
878 1599 1081 1681 Thucydides
1098 1600 1189 1662 dicit:
1208 1602 1241 1663 ἐκ
1252 1604 1311 1664 τοῦ
1328 1602 1479 1680 περιβάλ-

344 1708 464 1783 λοντος,
488 1702 573 1764 Zeno
598 1706 630 1764 et
653 1701 761 1765 Philo:
787 1703 821 1765 ἐκ
842 1707 900 1765 τοὺ
924 1703 1097 1781 περιόντος,

431 1806 450 1882 ἡ
474 1805 586 1868 πολιά
603 1835 636 1856 =
653 1808 834 1869 senectus
859 1805 959 1883 0363
985 1825 1049 1868 vox
1072 1806 1141 1888 ipsa
1164 1806 1280 1888 legitur
1299 1807 1387 1889 apud
1409 1807 1478 1871 Me·

342 1908 501 1972 nandrum
525 1911 681 1990 (monost.)
706 1911 738 1970 et
759 1909 972 1972 Aristotelem.

432 2011 607 2088 πρεςβεία
624 2042 657 2062 =
674 2013 804 2078 ἔντευξις
820 2011 1053 2095 supplicatio
1071 2015 1107 2074 et
1121 2012 1352 2075 intercessio
1370 2031 1478 2076 sanc-

259 2183 261 2188 ,
344 2119 465 2177 torum
490 2114 587 2196 apud
606 2113 724 2177 Deum
749 2114 775 2176 B
796 2116 852 2194 823
877 2114 960 2178 hanc
983 2114 1072 2178 vocis
1095 2113 1258 2178 notionem
1278 2115 1422 2179 Basilius
1448 2122 1479 2179 et

343 2217 515 2299 Gregorius
539 2217 633 2298 primi
661 2217 844 2280 adhibuisse
873 2216 1031 2298 videntur,
1062 2217 1252 2299 posteriores
1284 2236 1339 2280 eos
1371 2219 1475 2282 secut'

343 2323 419 2383 sunt
441 2320 491 2401 (ci.
513 2319 566 2382 Du
591 2317 717 2401 Gange).

431 2422 679 2500 προκαταλύω
705 2421 785 2484 G3:
810 2444 841 2484 π.
866 2423 987 2499 μακράν
1012 2421 1103 2503 ὁδόν,
1135 2427 1170 2484 ut
1193 2423 1294 2486 Attici
1318 2421 1477 2504 (Thucyd,

342 2525 505 2606 Herodot.)
523 2545 597 2588 cum
614 2525 794 2588 accusativo
811 2525 985 2608 coniungit.
1010 2524 1072 2588 Sed
1088 2530 1123 2587 ut
1141 2523 1286 2588 καταλύω
1304 2525 1344 2588 ab
1357 2527 1477 2590 Atticis

342 2629 543 2692 intransitive
561 2631 741 2711 usurpatur,
765 2630 810 2691 ita
827 2629 921 2690 etiam
937 2627 1149 2704 προκαταλύω
1167 2648 1185 2690 a
1201 2626 1357 2709 Gregorio
1375 2628 1399 2691 Ο
1414 2629 1474 2690 24:

343 2731 427 2813 αὐτῷ
455 2733 771 2809 παρακατατιθέμενοι
798 2731 853 2794 τὰς
876 2731 982 2809 ψυχάς
1005 2731 1060 2794 τάς
1082 2735 1147 2794 τῶν
1171 2732 1475 2809 προκαταλυὸντων,

344 2834 447 2912 ὥςπερ
479 2835 512 2897 ἐν
544 2833 612 2916 ὁδῷ
646 2840 732 2915 κοινῇ
767 2833 973 2910 ἑτοιμοτέρων
1003 2836 1063 2895 κτλ.
1092 2861 1126 2884 =
1157 2835 1263 2916 prius
1299 2835 1474 2897 consisto

324 2936 451 3018 -prius
475 2936 647 2997 advenio.

432 3049 463 3112 -Ι-
479 3041 753 3116 προκαμίζομαι
777 3038 901 3102 effero
926 3042 1116 3102 mortuum
1139 3039 1233 3102 Bae.
1265 3037 1361 3101 Hanc
1384 3040 1473 3102 voois

342 3143 607 3225 significationem
623 3161 668 3226 erw
677 3143 790 3205 ceteris
801 3143 1017 3225 scriptoribus,
1031 3143 1086 3225 qui
1098 3142 1184 3205 haud
1196 3161 1267 3205 raro
1278 3161 1317 3205 ea
1327 3145 1472 3222 utuntur,

343 3246 478 3328 probare
502 3245 657 3328 exemplis
681 3265 747 3308 non
770 3247 868 3328 potui.

432 3359 463 3421 -t-
478 3349 518 3410 τὸ
538 3349 711 3411 ὑπαίτιον
729 3379 761 3401 =
779 3350 875 3411 αἰτία
892 3350 918 3412 Β
933 3352 990 3412 58;
1007 3353 1103 3427 τριῶν
1116 3347 1220 3412 ὄντων
1232 3352 1296 3411 τῶν
1310 3347 1471 3412 ὑπαιτίων.

344 3449 495 3526 Quamvis
518 3468 613 3532 saepe
643 3449 839 3513 adiectivum
865 3451 1004 3515 ὑπαίτιος
1029 3455 1182 3531 occurrat
1212 3469 1374 3530 nusquam
1399 3450 1472 3514 sub-

343 3553 471 3615 stantivi
495 3552 564 3615 loco
588 3553 727 3635 positum
751 3571 821 3615 esse
845 3551 974 3615 videtur
996 3552 1028 3634 (S
1044 3552 1094 3615 ΙΙΙ
1113 3553 1195 3633 160).

432 3665 463 3727 -t-
480 3655 556 3733 μεθ’
574 3657 788 3734 ὑπερβολῆς
804 3654 896 3733 Β23;
911 3654 979 3718 καθ’
992 3655 1170 3732 ὑπερβολήν
1183 3653 1313 3736 praebet
1325 3653 1471 3736 Sophool‚

342 3757 439 3838 Isocr,
463 3757 573 3838 Polyb,
593 3756 722 3838 Diodor,
746 3757 820 3837 Nu,
849 3757 950 3836 tituli3
979 3759 1135 3838 ὑπερβολῇ
1162 3757 1284 3836 llacho,
1310 3755 1402 3835 Plut3
1430 3756 1471 3820 είς

342 3860 521 3936 ὑπερβολὴν
545 3859 655 3940 Ilurip,
680 3860 796 3922 comici
817 3857 925 3941 Attici,
949 3859 1084 3937 Luciam
1109 3860 1140 3926 ἐξ
1162 3861 1340 3937 ὑπερβολῆς
1360 3859 1468 3941 Polyb.

432 3962 720 4039 ÷iraoxthpnc1t
750 3960 935 4024 modestia
964 3963 1067 4024 Βάλε
1095 3963 1122 4024 ὑ.
1147 3964 1196 4024 καὶ
1228 3962 1341 4040 αἰδώς
1376 3981 1470 4044 quam
1591 3999 1592 4017 ι

343 4064 408 4126 vim
437 4065 524 4127 vocis
548 4063 719 4145 Gregorius
743 4065 829 4127 solus
853 4064 1005 4145 praebere
1028 4064 1169 4142 videtum
1198 4063 1284 4126 idem
1308 4065 1470 4147 significat

343 4167 439 4229 etiam
458 4166 703 4246 ὑποχωρητικάς,
728 4166 814 4246 quod
836 4166 922 4229 idem
946 4167 1032 4228 solus
1056 4166 1201 4228 adhibuit
1222 4165 1412 4249 Gregorius:
1433 4167 1467 4228 τὸ

344 4270 384 4345 μή
401 4269 510 4346 ἰταμὸν
531 4269 619 4344 ἡμιὺν
639 4269 704 4330 ἀλλ’
724 4269 961 4346 ὑποχωρητικάν
977 4289 1010 4332 τε
1029 4271 1078 4331 καὶ
1097 4269 1229 4349 μέτριον,
1246 4288 1343 4349 quem
1364 4268 1466 4332 locum

345 4370 475 4452 praebet
498 4369 605 4451 Steph.
622 4371 711 4433 Thes.
