3270 5250
116 497 208 583 [327]
468 505 507 559 De
526 505 767 561 Pseudo-Luciam
785 506 942 563 timoribus.
1223 505 1265 566 65

115 675 312 742 Ptolemaeo
346 676 477 740 diffisus
500 676 680 742 Lucienum
702 678 819 743 melius
842 680 1000 762 edoctum,
1024 686 1060 744 ut
1081 681 1126 744 ita
1151 681 1265 764 dicam,

115 778 256 844 reddere
282 778 419 843 studuit
440 786 565 860 nostem
594 785 657 862 aut,
685 780 719 843 id
742 782 828 863 quod
850 783 1047 866 probabilius
1074 783 1154 846 mihi
1177 784 1266 850 vide-

114 887 176 963 tur,
202 883 313 948 verba
332 883 664 962 Παρίας-κάλλιςτον
684 906 701 948 a
718 883 897 966 Byzantino
917 887 1071 970 scriptore
1090 887 1265 952 semidocta

113 985 150 1047 in
177 986 258 1049 libri
289 987 475 1069 marginem
502 986 661 1070 adscripta
687 994 797 1071 postea
823 988 857 1050 in
880 981 1005 1053 teritum
1029 995 1158 1074 recepta
1180 994 1265 1055 sunt.

114 1087 188 1153 Hoc
219 1091 373 1154 coniecit
400 1091 464 1154 iam
490 1089 531 1154 H.
551 1088 707 1154 Bliimner
733 1090 941 1175 Archaeolog.
962 1092 1050 1157 stud.
1074 1113 1115 1158 nu
1141 1092 1266 1158 Lucian

115 1191 232 1274 (1867)
251 1195 311 1276 30,
333 1216 364 1274 a,
389 1193 446 1258 sed
466 1213 541 1258 cum
560 1212 665 1275 neque
685 1193 869 1278 dubitasset,
889 1197 968 1277 quin
991 1215 1115 1261 amores
1130 1195 1266 1262 Luciani

116 1303 228 1360 essent
248 1317 366 1380 neque
387 1302 495 1375 καινῆς
517 1298 648 1377 ἱςτορίης
662 1297 768 1362 locum
792 1298 991 1381 contulisset,
1012 1300 1099 1364 haud
1119 1301 1164 1363 ita
1182 1301 1266 1364 mul-

115 1402 186 1463 tum
211 1401 369 1484 proiecit
505 1395 507 1399 ’

210 1503 312 1568 Nihil
329 1503 429 1587 igitur
444 1523 563 1588 ponere
578 1505 662 1586 licet,
680 1506 751 1567 utut
766 1509 1036 1588 argumentamur,
1052 1505 1115 1568 nisi
1131 1505 1265 1570 Praxi-

115 1606 211 1670 telis
236 1607 452 1671 ‘Gnidiam'
468 1607 615 1672 Pentelici
630 1609 826 1671 marmoris
851 1608 973 1672 fuisse
992 1614 1141 1672 veteres
1164 1628 1265 1674 sum-

115 1708 296 1791 psisse1).

215 1890 251 1972 b)
277 1889 329 1954 De
353 1889 558 1972 praediorum
582 1890 784 1954 curatoribus
807 1892 919 1955 aetatis
942 1891 1172 1974 imperatoriae.

211 2014 444 2082 Pseudo-Luc.
466 2033 562 2078 amor.
584 2017 625 2080 10
646 2035 675 2098 p.
692 2017 776 2079 407:
803 2016 936 2094 Ἑώρων
960 2019 999 2095 δὴ
1024 2018 1073 2080 καὶ
1095 2017 1182 2095 παρὰ
1204 2020 1263 2096 τὴν

118 2116 252 2184 ἑςτίαςιν
285 2121 404 2197 ἐναργῆ
431 2122 488 2196 τῆς
518 2119 675 2195 ἑκατέρων
700 2121 867 2184 όιαθέςεως
889 2121 1052 2198 τεκμήρια·
1077 2120 1096 2183 ό
1121 2121 1262 2198 μὲνγὰρ

119 2219 290 2298 Ἀθηναῖος
329 2222 502 2301 εὐμόρφοις
531 2225 631 2286 τταιςὶν
662 2222 809 2301 έξήςκητο
842 2225 892 2286 καὶ
923 2227 985 2286 ττοίς
1015 2223 1134 2300 οἰκέτης
1165 2223 1263 2287 αὐτῶι

121 2325 238 2399 ςχεδὸν
253 2327 432 2408 ἀγένειοςί)
444 2326 483 2403 ην
496 2327 583 2403 μεχρὶ
597 2327 656 2389 τοῦ
671 2331 801 2404 πρῶτον
812 2325 1056 2405 όπογραφέντος
1068 2329 1148 2403 χνοῡ
1161 2346 1263 2403 παρα-

122 2425 291 2511 μένοντες,
317 2429 445 2493 έπειόὰν
470 2428 498 2492 δ’
516 2428 634 2492 ἰούλοις
662 2429 692 2491 αἱ
719 2429 842 2506 παρειαὶ
869 2433 1077 2510 πυκαςθῶςιν,
1102 2428 1263 2508 οἰκονόμοι

120 2531 171 2591 καὶ
194 2537 266 2597 τῶν
293 2532 435 2609 Ἀθήνηςι
459 2532 609 2610 χωρίων
634 2531 840 2609 κηδεμόνες
859 2529 1095 2596 ἀπεςτέλλοντο.
1120 2531 1263 2608 Χαρικλεῖ

121 2649 157 2704 γε
182 2636 247 2712 μὴν
274 2633 342 2717 (οοί.
367 2633 543 2715 Corinthio)
566 2635 666 2698 πολὺς
689 2633 902 2713 ὀρχηςτρίόων
922 2636 971 2697 καὶ
987 2636 1263 2714 μουςουργώνχό-

123 2752 179 2808 ρος
199 2739 311 2802 εἵπετο
336 2738 385 2800 καὶ
408 2741 471 2801 πᾶν
494 2737 531 2799 τὸ
556 2736 712 2815 δωμάτιον
737 2737 782 2801 ὡς
805 2738 839 2802 έν
865 2738 1092 2818 Θεςμοφορίοις
1115 2742 1179 2802 κτλ.
1208 2740 1262 2802 Ad

124 2842 305 2924 utrumque
334 2859 473 2908 amorem
502 2839 750 2923 significandum
777 2846 890 2904 auctor
915 2842 1059 2905 Athenas
1091 2846 1123 2905 et
1150 2841 1261 2904 Corin-

122 2941 216 3008 thum
237 2946 339 3027 elegit
357 2944 455 3027 idque
475 2963 534 3007 suo
555 2945 625 3008 iure
633 2946 656 3025 3)
676 2944 785 3025 (schol.
798 2943 828 3007 h.
841 2944 859 3006 l.
873 2944 946 3025 206,
963 2946 1001 3006 15
1019 2964 1064 3027 sq.
1080 2943 1127 3026 R).
1155 2943 1262 3010 Mere-

121 3046 221 3114 trices
242 3051 331 3114 enim
348 3048 532 3113 Corinthiae
548 3051 585 3112 ut
600 3048 776 3130 antiquitus
791 3046 930 3130 (Pindar.
942 3047 1000 3129 frg.
1016 3049 1078 3110 122
1094 3068 1123 3131 p.
1137 3048 1202 3110 435
1215 3067 1261 3131 sq.
1362 3119 1366 3128 ,

121 3145 323 3232 Schroeder3
341 3152 501 3235 Aristoph.
514 3152 596 3216 Plut.
610 3152 685 3233 129)
700 3153 745 3214 ita
759 3152 987 3234 imperatorum
1002 3156 1104 3215 aetate
1118 3151 1260 3234 (Aristid.

121 3250 239 3320 Isthm.
260 3254 386 3336 11369,
410 3257 452 3318 24
469 3274 514 3337 sq.
534 3255 619 3338 Keil)
643 3256 786 3319 omnium
803 3254 1029 3318 celeberrimae
1046 3259 1150 3334 erant,
1175 3255 1260 3319 idem

212 3381 240 3450 1)
259 3380 332 3434 Nam
356 3394 420 3433 cum
447 3383 562 3433 nostrae
582 3379 683 3434 aetatis
703 3378 756 3432 viri
775 3378 849 3432 docti
869 3378 916 3432 diu
935 3377 965 3430 in
978 3382 1143 3446 argumento
1155 3382 1261 3435 versati

120 3477 271 3520 marmora
295 3469 372 3518 certo
397 3464 569 3533 distinguere
593 3468 735 3532 nequeant
758 3463 917 3533 (Schrader,
943 3463 1042 3517 Athen.
1062 3463 1168 3518 Mitteil.
1191 3465 1260 3521 1905

120 3546 199 3606 XXX
223 3549 277 3603 308
292 3548 354 3618 sq.),
381 3549 467 3603 etiam
492 3549 566 3618 apud
590 3549 720 3618 antiquos
745 3565 867 3603 errorem
890 3547 1022 3616 perfacile
1045 3548 1170 3617 potuisse
1193 3549 1260 3604 oriri

120 3647 165 3690 me
184 3634 301 3692 monuit
319 3633 388 3687 Keil.

215 3721 237 3790 ²)
260 3721 284 3773 A
308 3719 357 3772 dat
380 3736 499 3786 ατωφος
524 3736 623 3774 vocem
648 3720 774 3788 ignotam
798 3738 890 3792 neque
916 3719 1113 3789 perspicuam;
1138 3719 1260 3775 tortasse

122 3799 252 3869 ἀγένειος
266 3804 378 3859 scribae
391 3805 487 3859 nescio
501 3805 580 3859 cuius
596 3805 775 3863 coniecturae
788 3808 905 3862 debetur
919 3808 954 3872 et,
974 3808 1004 3858 ut
1017 3807 1098 3873 putat
1108 3803 1178 3870 Keil,
1191 3804 1260 3860 latet

121 3906 144 3944 e.
159 3910 183 3963 g.
200 3893 301 3958 limpor
319 3890 365 3942 vel
384 3890 519 3953 ἀπὼγων.

215 3978 238 4046 8)
256 3976 350 4029 Lauer
372 3975 406 4028 37
436 3979 580 4029 auctorem
608 3975 809 4032 Atheniensem
838 3977 926 4032 luisse
950 3974 1015 4029 inde
1040 3973 1158 4042 collegit,
1184 3975 1259 4041 quod

124 4060 340 4120 Callicratidam
373 4060 555 4128 ‘superiorem
581 4059 772 4116 discedentem
797 4063 882 4118 iacit’.
913 4059 1036 4114 Primum
1063 4074 1131 4122 vero
1155 4060 1260 4114 amoris

121 4149 239 4216 puerilis
259 4150 398 4216 patronus
416 4146 578 4200 necessario
602 4146 709 4200 exstitit
734 4149 819 4202 homo
838 4145 1027 4213 Atheniensis,
1047 4143 1179 4214 quoniam
1199 4161 1222 4198 e.
1234 4161 1258 4214 g.

122 4232 309 4304 Thespiensis
329 4245 393 4283 cum
414 4229 557 4285 Corinthio
576 4230 653 4285 haud
671 4231 712 4286 ita
736 4236 800 4301 apte
820 4235 963 4290 confertur
985 4230 1028 4298 (51
1049 4247 1074 4299 p.
1084 4230 1139 4283 454
1158 4228 1180 4282 εἰ
1199 4234 1260 4284 ταῖς

117 4312 249 4389 Ἀθήναις
276 4318 293 4382 ἡ
324 4313 461 4381 Κόρινθος
487 4317 574 4384 εἰξει);
608 4319 668 4369 tum
692 4316 772 4372 illum
797 4331 977 4389 nequaquam
1004 4316 1165 4368 vincentem
1192 4314 1260 4386 fingi

120 4406 252 4462 vidimus

1098 4508 1152 4560 22*
