3240 5258
215 1061 265 1125 M.
293 1058 421 1124 Tullii
446 1057 645 1122 Ciceronis
674 1059 875 1122 Oratorem
901 1059 1049 1144 plurimis
1076 1061 1280 1126 librariorum

122 1165 260 1230 mendis
278 1169 383 1246 atque
401 1161 598 1245 gravissimis
613 1161 915 1246 interpolationibus
928 1163 1130 1246 inquinatum
1143 1183 1279 1248 eamque

127 1269 169 1332 ob
189 1287 265 1332 rem
285 1266 330 1331 ad
350 1263 587 1329 emendandum
604 1264 835 1333 diffidillimum
859 1283 929 1329 esse
952 1284 1046 1330 nemo
1064 1267 1198 1349 ignorat,
1223 1269 1280 1350 qui
1375 1298 1377 1302 v

128 1372 167 1434 in
196 1391 236 1435 eo
267 1369 494 1435 elaboraverit
533 1367 645 1451 Itaque
670 1388 865 1452 quamquam
887 1370 952 1431 iam
979 1368 1110 1453 plurimi
1132 1369 1279 1435 homines

132 1474 233 1556 docti,
251 1491 396 1555 quorum
410 1490 428 1534 e
444 1488 580 1533 numero
593 1467 740 1552 Bakium,
753 1467 960 1552 Madvigium,
978 1471 1161 1555 Sauppium,
1177 1471 1280 1537 Heer-

134 1575 325 1660 degenium,
351 1573 547 1656 Stanglium,
570 1571 784 1653 Friderioum,
808 1571 1011 1655 Sandysium,
1035 1573 1249 1639 Stroebelium
1257 1578 1279 1658 ¹)

135 1679 272 1742 honoris
289 1697 391 1742 eausa
406 1677 545 1757 nomino,
562 1677 593 1740 ei
609 1676 810 1740 emendando
822 1675 1018 1740 studuerunt
1034 1683 1066 1741 et
1079 1679 1143 1740 iam
1161 1679 1279 1742 multos

136 1782 231 1846 locos
255 1782 333 1845 satis
354 1784 444 1844 certa
465 1777 532 1841 fide
552 1783 770 1860 correxerunt,
787 1782 897 1851 ‚umen
916 1780 1083 1861 permultis
1107 1780 1179 1844 aliis
1203 1798 1280 1845 vera

140 1883 311 1948 Ciceronis
328 1899 445 1945 manus
460 1881 603 1944 nondum
620 1899 690 1946 esse
711 1881 839 1964 cognita
854 1881 989 1964 videtur,
1006 1883 1040 1945 td
1052 1881 1138 1965 quod
1154 1901 1279 1947 summa

140 1987 368 2070 proximarum
388 1983 566 2048 editionum
585 1983 670 2049 inter
692 2003 726 2049 se
746 1985 898 2048 varietate
917 1983 1159 2048 demonstratur.
1189 1985 1279 2062 Quae

143 2109 222 2154 cum
243 2091 288 2152 ita
316 2089 391 2169 sint,
420 2087 566 2168 ineptum
594 2105 635 2151 ne
658 2087 861 2169 indicaveris,
889 2087 975 2170 quod
999 2088 1148 2170 equidem
1172 2088 1278 2154 denuo

144 2192 186 2257 de
199 2190 364 2256 nonnullis
378 2208 489 2253 eorum
501 2189 646 2252 looorum
660 2189 817 2273 quaedam
829 2191 972 2274 prolerre
985 2210 1083 2256 conor
1098 2210 1135 2256 ea
1147 2193 1278 2274 ratione,

143 2301 184 2359 ut
205 2295 362 2377 inprime
384 2291 488 2374 oaplte
509 2290 548 2354 de
568 2289 659 2356 libris
682 2311 779 2356 uranu
798 2293 924 2375 seriptis
941 2313 1032 2376 agam
1051 2312 1153 2375 eoque
1174 2295 1277 2376 eapite

145 2400 299 2466 contecto,
313 2398 456 2479 atteram,
477 2415 559 2478 quae
575 2395 614 2460 de
638 2395 774 2480 singulis
799 2415 881 2478 quae
899 2398 1006 2462 variae
1023 2403 1150 2462 exstant
1168 2395 1278 2461 lectio·

144 2503 240 2567 nibus
260 2501 407 2586 exposita
427 2500 532 2563 adhue
556 2504 651 2581 atque
671 2500 775 2564 oblata
793 2499 866 2579 sint
889 2515 984 2581 porro
1004 2517 1086 2582 quae
1110 2503 1142 2564 et
1161 2498 1277 2582 quibus

146 2610 186 2674 de
201 2609 307 2674 causis
325 2611 453 2689 egomet
475 2607 545 2687 ipse
569 2619 645 2666 vera
668 2603 817 2667 iudicem.
842 2601 931 2666 Haeo
946 2603 1129 2686 pertioienti
1143 2602 1278 2666 tortasse

146 2711 310 2796 continget
329 2709 418 2791 mihi,
434 2713 471 2771 ut
495 2707 590 2772 etiem
609 2706 649 2769 de
667 2703 834 2770 oodioibus
858 2709 913 2767 aut
932 2723 1014 2787 quae
1030 2695 1091 2768 iam
1109 2704 1278 2787 explanata

144 2819 219 2878 sunt
242 2814 338 2877 noris
363 2809 560 2892 argumentis
580 2805 768 2872 confirmem
789 2811 845 2869 aut
866 2823 952 2868 nova
973 2805 1131 2888 quaedam
1154 2804 1276 2870 eddam.

143 2916 369 2981 Fundamento
390 2917 504 2993 autem,
524 2915 561 2974 ut
577 2912 623 2975 ita
641 2911 753 2994 dinam,
773 2910 869 2972 hrrius
889 2908 1119 2974 dissertationis
1138 2909 1277 2973 editione

142 3018 368 3084 Teubneriana
384 3029 467 3078 anno
486 3015 573 3077 1884
589 3014 628 3077 ab
640 3011 875 3096 Heerdegenio‚
888 3013 1073 3076 aeutissimo
1089 3030 1127 3075 ao
1142 3010 1276 3094 diligen-

141 3125 264 3187 tissimo
277 3120 336 3184 illo
350 3117 492 3180 Oratoris
506 3115 635 3201 editore,
652 3123 763 3184 aurata
779 3133 856 3180 usus
872 3117 986 3198 omnia,
1000 3133 1082 3198 quae
1094 3113 1179 3177 haud
1194 3131 1277 3176 nova

138 3227 276 3293 afferam
302 3239 411 3304 neque
433 3223 595 3285 auctorem
615 3220 760 3300 laudabo,
784 3235 827 3282 ex
850 3218 904 3281 illa
928 3219 1067 3284 editione
1087 3217 1275 3300 deprompsi.

229 3427 250 3497 ¹)
272 3422 376 3479 Serius
395 3433 479 3488 quam
498 3423 530 3474 ut
553 3418 700 3490 diligenter
719 3417 889 3488 perscrutari
908 3433 1035 3486 possem,
1055 3415 1186 3486 apparuit
1203 3415 1234 3469 A.
1249 3415 1276 3470 S.

128 3511 280 3572 Wilkinsii
300 3504 392 3562 editio
412 3502 588 3560 Oxoniensis.
