<?xml version="1.0" encoding="UTF-8"?>
<!DOCTYPE html PUBLIC "-//W3C//DTD XHTML 1.0 Transitional//EN"
    "http://www.w3.org/TR/xhtml1/DTD/xhtml1-transitional.dtd">
<html xmlns="http://www.w3.org/1999/xhtml" xml:lang="en" lang="en">
 <head>
  <title>
</title>
<meta http-equiv="Content-Type" content="text/html;charset=utf-8" />
  <meta name='ocr-system' content='tesseract 3.04.00' />
  <meta name='ocr-capabilities' content='ocr_page ocr_carea ocr_par ocr_line ocrx_word'/>
</head>
<body>
  <div class='ocr_page' id='page_1' title='image "./dissertationesp01unkngoog_0090.png"; bbox 0 0 3228 5268; ppageno 0'>
   <div class='ocr_carea' id='block_1_1' title="bbox 297 403 1240 488">
    <p class='ocr_par' dir='ltr' id='par_1_1' title="bbox 297 403 1240 488">
     <span class='ocr_line' id='line_1_1' title="bbox 297 403 1240 488; baseline 0.005 -14"><span class='ocrx_word' id='word_1_1' title='bbox 297 422 341 475; x_wconf 90' lang='lat' dir='ltr'><strong>De</strong></span> <span class='ocrx_word' id='word_1_2' title='bbox 363 419 485 488; x_wconf 83' lang='lat' dir='ltr'><strong>Gregorii</strong></span> <span class='ocrx_word' id='word_1_3' title='bbox 504 418 675 473; x_wconf 88' lang='lat' dir='ltr'><strong>Nazianzeni</strong></span> <span class='ocrx_word' id='word_1_4' title='bbox 693 403 869 474; x_wconf 87' lang='lat' dir='ltr'><strong>orationibus</strong></span> <span class='ocrx_word' id='word_1_5' title='bbox 888 419 1059 476; x_wconf 82' lang='lat' dir='ltr'>funebribus.</span> <span class='ocrx_word' id='word_1_6' title='bbox 1198 417 1240 479; x_wconf 88' lang='lat'><strong>69</strong></span> 
     </span>
    </p>
   </div>
   <div class='ocr_carea' id='block_1_2' title="bbox 107 589 1241 1185">
    <p class='ocr_par' dir='ltr' id='par_1_2' title="bbox 107 589 1241 1185">
     <span class='ocr_line' id='line_1_2' title="bbox 110 589 1241 674; baseline 0.002 -18"><span class='ocrx_word' id='word_1_7' title='bbox 110 611 185 674; x_wconf 87' lang='lat' dir='ltr'><strong>esse,</strong></span> <span class='ocrx_word' id='word_1_8' title='bbox 203 594 314 655; x_wconf 89' lang='lat' dir='ltr'><strong>statim</strong></span> <span class='ocrx_word' id='word_1_9' title='bbox 333 591 507 655; x_wconf 88' lang='lat' dir='ltr'><strong>sacerdotis</strong></span> <span class='ocrx_word' id='word_1_10' title='bbox 519 589 604 654; x_wconf 83' lang='lat' dir='ltr'><strong>iacta</strong></span> <span class='ocrx_word' id='word_1_11' title='bbox 619 590 741 668; x_wconf 77' lang='lat' dir='ltr'><strong>laudat3</strong></span> <span class='ocrx_word' id='word_1_12' title='bbox 757 593 826 656; x_wconf 91' lang='lat' dir='ltr'><strong>tum</strong></span> <span class='ocrx_word' id='word_1_13' title='bbox 838 592 993 656; x_wconf 84' lang='lat' dir='ltr'><strong>Basiliam</strong></span> <span class='ocrx_word' id='word_1_14' title='bbox 1006 593 1046 658; x_wconf 91' lang='lat' dir='ltr'><strong>ad</strong></span> <span class='ocrx_word' id='word_1_15' title='bbox 1059 592 1241 658; x_wconf 82' lang='lat' dir='ltr'>cathedram</span> 
     </span>
     <span class='ocr_line' id='line_1_3' title="bbox 110 693 1239 780; baseline 0.001 -21"><span class='ocrx_word' id='word_1_16' title='bbox 110 693 325 779; x_wconf 89' lang='lat' dir='ltr'><strong>episcopalem</strong></span> <span class='ocrx_word' id='word_1_17' title='bbox 334 695 519 778; x_wconf 80' lang='lat' dir='ltr'><strong>pervenisse</strong></span> <span class='ocrx_word' id='word_1_18' title='bbox 529 693 636 775; x_wconf 66' lang='lat' dir='ltr'><strong>refert,</strong></span> <span class='ocrx_word' id='word_1_19' title='bbox 645 713 707 775; x_wconf 91' lang='lat' dir='ltr'><strong>quo</strong></span> <span class='ocrx_word' id='word_1_20' title='bbox 718 694 816 758; x_wconf 84' lang='lat' dir='ltr'><strong>relato</strong></span> <span class='ocrx_word' id='word_1_21' title='bbox 826 695 967 778; x_wconf 90' lang='lat' dir='ltr'><strong>episcopi</strong></span> <span class='ocrx_word' id='word_1_22' title='bbox 976 696 1061 760; x_wconf 84' lang='lat' dir='ltr'><strong>facta</strong></span> <span class='ocrx_word' id='word_1_23' title='bbox 1070 695 1239 780; x_wconf 87' lang='lat' dir='ltr'><strong>praedicat.</strong></span> 
     </span>
     <span class='ocr_line' id='line_1_4' title="bbox 109 795 1241 881; baseline 0 -20"><span class='ocrx_word' id='word_1_24' title='bbox 109 801 215 879; x_wconf 80' lang='lat' dir='ltr'>Atque</span> <span class='ocrx_word' id='word_1_25' title='bbox 233 796 384 860; x_wconf 88' lang='lat' dir='ltr'><strong>consulto</strong></span> <span class='ocrx_word' id='word_1_26' title='bbox 409 815 480 860; x_wconf 93' lang='lat' dir='ltr'><strong>eum</strong></span> <span class='ocrx_word' id='word_1_27' title='bbox 504 796 542 860; x_wconf 92' lang='lat' dir='ltr'><strong>ab</strong></span> <span class='ocrx_word' id='word_1_28' title='bbox 566 795 683 860; x_wconf 88' lang='lat' dir='ltr'><strong>usitata</strong></span> <span class='ocrx_word' id='word_1_29' title='bbox 698 796 905 881; x_wconf 80' lang='lat' dir='ltr'><strong>dispositione</strong></span> <span class='ocrx_word' id='word_1_30' title='bbox 921 799 1092 862; x_wconf 81' lang='lat' dir='ltr'><strong>recessisse</strong></span> <span class='ocrx_word' id='word_1_31' title='bbox 1108 799 1203 880; x_wconf 86' lang='lat' dir='ltr'><strong>conci</strong></span> <span class='ocrx_word' id='word_1_32' title='bbox 1228 837 1241 847; x_wconf 96' lang='lat'>-</span> 
     </span>
     <span class='ocr_line' id='line_1_5' title="bbox 109 897 1240 983; baseline 0.002 -21"><span class='ocrx_word' id='word_1_33' title='bbox 109 899 194 962; x_wconf 91' lang='lat' dir='ltr'><strong>ditur</strong></span> <span class='ocrx_word' id='word_1_34' title='bbox 218 918 263 962; x_wconf 86' lang='lat' dir='ltr'><strong>ex</strong></span> <span class='ocrx_word' id='word_1_35' title='bbox 288 898 339 962; x_wconf 89' lang='lat' dir='ltr'><strong>his</strong></span> <span class='ocrx_word' id='word_1_36' title='bbox 360 898 464 962; x_wconf 85' lang='lat' dir='ltr'><strong>verbis</strong></span> <span class='ocrx_word' id='word_1_37' title='bbox 487 899 547 981; x_wconf 85' lang='lat' dir='ltr'><strong>(cp.</strong></span> <span class='ocrx_word' id='word_1_38' title='bbox 565 898 635 978; x_wconf 81' lang='grc'>27);</span> <span class='ocrx_word' id='word_1_39' title='bbox 660 897 690 961; x_wconf 78' lang='lat' dir='ltr'><strong>‘d</strong></span> <span class='ocrx_word' id='word_1_40' title='bbox 713 901 769 977; x_wconf 83' lang='grc' dir='ltr'><strong>μὲν</strong></span> <span class='ocrx_word' id='word_1_41' title='bbox 793 898 853 963; x_wconf 81' lang='grc' dir='ltr'><strong>οὖν</strong></span> <span class='ocrx_word' id='word_1_42' title='bbox 876 903 1083 980; x_wconf 73' lang='grc' dir='ltr'>προεδρία(</span> <span class='ocrx_word' id='word_1_43' title='bbox 1106 902 1240 983; x_wconf 87' lang='lat' dir='ltr'><strong>(episco-</strong></span> 
     </span>
     <span class='ocr_line' id='line_1_6' title="bbox 107 1000 1241 1086; baseline 0.002 -22"><span class='ocrx_word' id='word_1_44' title='bbox 107 1003 211 1084; x_wconf 80' lang='lat' dir='ltr'><strong>patus)</strong></span> <span class='ocrx_word' id='word_1_45' title='bbox 236 1001 354 1075; x_wconf 70' lang='grc' dir='ltr'>λόγος</span> <span class='ocrx_word' id='word_1_46' title='bbox 382 1000 617 1079; x_wconf 88' lang='grc' dir='ltr'>ἀναμεινάτω</span> <span class='ocrx_word' id='word_1_47' title='bbox 639 1020 646 1034; x_wconf 89' lang='grc'>·</span> <span class='ocrx_word' id='word_1_48' title='bbox 669 1003 715 1084; x_wconf 85' lang='grc' dir='ltr'><strong>τῷ</strong></span> <span class='ocrx_word' id='word_1_49' title='bbox 738 1003 774 1065; x_wconf 82' lang='grc' dir='ltr'><strong>δὲ</strong></span> <span class='ocrx_word' id='word_1_50' title='bbox 795 1005 852 1079; x_wconf 74' lang='grc' dir='ltr'><strong>τῆς</strong></span> <span class='ocrx_word' id='word_1_51' title='bbox 874 1003 1026 1083; x_wconf 71' lang='lat' dir='ltr'><strong>dereptae</strong></span> <span class='ocrx_word' id='word_1_52' title='bbox 1049 1003 1241 1086; x_wconf 87' lang='lat' dir='ltr'><strong>(sacerdotii)</strong></span> 
     </span>
     <span class='ocr_line' id='line_1_7' title="bbox 108 1103 1241 1185; baseline 0.001 -16"><span class='ocrx_word' id='word_1_53' title='bbox 108 1107 216 1184; x_wconf 86' lang='grc' dir='ltr'>μικρόν</span> <span class='ocrx_word' id='word_1_54' title='bbox 232 1126 262 1168; x_wconf 87' lang='grc' dir='ltr'><strong>τι</strong></span> <span class='ocrx_word' id='word_1_55' title='bbox 279 1103 594 1185; x_wconf 79' lang='grc' dir='ltr'>προτδιατρίψωμεν’,</span> <span class='ocrx_word' id='word_1_56' title='bbox 609 1122 690 1184; x_wconf 89' lang='lat' dir='ltr'><strong>quae</strong></span> <span class='ocrx_word' id='word_1_57' title='bbox 702 1104 861 1167; x_wconf 82' lang='lat' dir='ltr'><strong>factorum</strong></span> <span class='ocrx_word' id='word_1_58' title='bbox 873 1105 1047 1169; x_wconf 87' lang='lat' dir='ltr'><strong>sacerdotis</strong></span> <span class='ocrx_word' id='word_1_59' title='bbox 1058 1105 1241 1170; x_wconf 80' lang='lat' dir='ltr'><strong>laudatione</strong></span> 
     </span>
    </p>
   </div>
   <div class='ocr_carea' id='block_1_3' title="bbox 7 1206 1241 1291">
    <p class='ocr_par' dir='ltr' id='par_1_3' title="bbox 7 1206 1241 1291">
     <span class='ocr_line' id='line_1_8' title="bbox 7 1206 1241 1291; baseline 0.002 -22"><span class='ocrx_word' id='word_1_60' title='bbox 7 1237 8 1242; x_wconf 17' lang='grc' dir='ltr'>ν</span> <span class='ocrx_word' id='word_1_61' title='bbox 109 1209 329 1290; x_wconf 82' lang='lat' dir='ltr'><strong>excipiuntur.</strong></span> <span class='ocrx_word' id='word_1_62' title='bbox 356 1207 438 1289; x_wconf 93' lang='lat' dir='ltr'><strong>Apte</strong></span> <span class='ocrx_word' id='word_1_63' title='bbox 457 1208 564 1270; x_wconf 90' lang='lat' dir='ltr'><strong>autem</strong></span> <span class='ocrx_word' id='word_1_64' title='bbox 588 1209 621 1270; x_wconf 92' lang='lat' dir='ltr'><strong>et</strong></span> <span class='ocrx_word' id='word_1_65' title='bbox 643 1206 816 1271; x_wconf 84' lang='lat' dir='ltr'><strong>artificiose</strong></span> <span class='ocrx_word' id='word_1_66' title='bbox 840 1209 922 1272; x_wconf 91' lang='lat' dir='ltr'><strong>duae</strong></span> <span class='ocrx_word' id='word_1_67' title='bbox 944 1213 1051 1291; x_wconf 92' lang='lat' dir='ltr'><strong>partes</strong></span> <span class='ocrx_word' id='word_1_68' title='bbox 1069 1209 1241 1274; x_wconf 80' lang='lat' dir='ltr'><strong>sacordotii</strong></span> 
     </span>
    </p>
   </div>
   <div class='ocr_carea' id='block_1_4' title="bbox 107 1309 1275 4066">
    <p class='ocr_par' dir='ltr' id='par_1_4' title="bbox 107 1309 1242 1698">
     <span class='ocr_line' id='line_1_9' title="bbox 108 1309 1242 1395; baseline 0.002 -21"><span class='ocrx_word' id='word_1_69' title='bbox 108 1315 138 1374; x_wconf 93' lang='lat' dir='ltr'><strong>et</strong></span> <span class='ocrx_word' id='word_1_70' title='bbox 159 1312 370 1394; x_wconf 80' lang='lat' dir='ltr'><strong>episcopatus</strong></span> <span class='ocrx_word' id='word_1_71' title='bbox 391 1309 435 1372; x_wconf 89' lang='lat' dir='ltr'><strong>ita</strong></span> <span class='ocrx_word' id='word_1_72' title='bbox 456 1310 560 1372; x_wconf 89' lang='lat' dir='ltr'><strong>orator</strong></span> <span class='ocrx_word' id='word_1_73' title='bbox 585 1310 760 1392; x_wconf 66' lang='lat' dir='ltr'><strong>coniungit</strong></span> <span class='ocrx_word' id='word_1_74' title='bbox 782 1315 819 1373; x_wconf 91' lang='lat' dir='ltr'><strong>ut</strong></span> <span class='ocrx_word' id='word_1_75' title='bbox 837 1310 922 1375; x_wconf 88' lang='lat' dir='ltr'><strong>dicat</strong></span> <span class='ocrx_word' id='word_1_76' title='bbox 940 1311 1095 1375; x_wconf 86' lang='lat' dir='ltr'><strong>Basiliam</strong></span> <span class='ocrx_word' id='word_1_77' title='bbox 1112 1317 1242 1395; x_wconf 90' lang='lat' dir='ltr'><strong>propter</strong></span> 
     </span>
     <span class='ocr_line' id='line_1_10' title="bbox 108 1410 1242 1499; baseline 0.004 -23"><span class='ocrx_word' id='word_1_78' title='bbox 108 1413 383 1497; x_wconf 89' lang='lat' dir='ltr'><strong>praeclarissimas</strong></span> <span class='ocrx_word' id='word_1_79' title='bbox 406 1412 441 1474; x_wconf 91' lang='lat' dir='ltr'><strong>in</strong></span> <span class='ocrx_word' id='word_1_80' title='bbox 464 1410 640 1475; x_wconf 86' lang='lat' dir='ltr'><strong>sacerdotio</strong></span> <span class='ocrx_word' id='word_1_81' title='bbox 664 1431 716 1477; x_wconf 88' lang='lat' dir='ltr'><strong>res</strong></span> <span class='ocrx_word' id='word_1_82' title='bbox 737 1418 840 1496; x_wconf 83' lang='lat' dir='ltr'><strong>gestas</strong></span> <span class='ocrx_word' id='word_1_83' title='bbox 857 1414 898 1477; x_wconf 92' lang='lat' dir='ltr'><strong>ad</strong></span> <span class='ocrx_word' id='word_1_84' title='bbox 920 1434 1039 1479; x_wconf 90' lang='lat' dir='ltr'><strong>munus</strong></span> <span class='ocrx_word' id='word_1_85' title='bbox 1060 1416 1242 1499; x_wconf 81' lang='lat' dir='ltr'><strong>episcopale</strong></span> 
     </span>
     <span class='ocr_line' id='line_1_11' title="bbox 107 1513 1241 1599; baseline 0.004 -21"><span class='ocrx_word' id='word_1_86' title='bbox 107 1520 294 1599; x_wconf 90' lang='lat' dir='ltr'><strong>promotum</strong></span> <span class='ocrx_word' id='word_1_87' title='bbox 310 1532 381 1579; x_wconf 90' lang='lat' dir='ltr'><strong>esse</strong></span> <span class='ocrx_word' id='word_1_88' title='bbox 399 1533 446 1596; x_wconf 90' lang='lat' dir='ltr'><strong>cp.</strong></span> <span class='ocrx_word' id='word_1_89' title='bbox 463 1515 522 1577; x_wconf 81' lang='lat'><strong>27:</strong></span> <span class='ocrx_word' id='word_1_90' title='bbox 548 1513 593 1577; x_wconf 72' lang='grc' dir='ltr'><strong>εἐκ</strong></span> <span class='ocrx_word' id='word_1_91' title='bbox 612 1517 650 1591; x_wconf 87' lang='grc' dir='ltr'><strong>δὴ</strong></span> <span class='ocrx_word' id='word_1_92' title='bbox 671 1514 793 1579; x_wconf 85' lang='grc' dir='ltr'>τούτων</span> <span class='ocrx_word' id='word_1_93' title='bbox 810 1518 859 1580; x_wconf 90' lang='grc' dir='ltr'><strong>καὶ</strong></span> <span class='ocrx_word' id='word_1_94' title='bbox 874 1517 1027 1581; x_wconf 81' lang='grc' dir='ltr'>τοιούτων</span> <span class='ocrx_word' id='word_1_95' title='bbox 1047 1567 1053 1580; x_wconf 94' lang='grc'><strong>.</strong></span> <span class='ocrx_word' id='word_1_96' title='bbox 1071 1568 1077 1582; x_wconf 95' lang='grc'><strong>.</strong></span> <span class='ocrx_word' id='word_1_97' title='bbox 1095 1569 1101 1582; x_wconf 95' lang='grc'><strong><em>.</em></strong></span> <span class='ocrx_word' id='word_1_98' title='bbox 1122 1518 1171 1582; x_wconf 84' lang='grc' dir='ltr'><strong>ἐπὶ</strong></span> <span class='ocrx_word' id='word_1_99' title='bbox 1185 1520 1241 1583; x_wconf 90' lang='grc' dir='ltr'><strong>τὸν</strong></span> 
     </span>
     <span class='ocr_line' id='line_1_12' title="bbox 107 1616 839 1698; baseline 0 -16"><span class='ocrx_word' id='word_1_100' title='bbox 107 1619 233 1698; x_wconf 82' lang='grc' dir='ltr'>ὑψηλὸν</span> <span class='ocrx_word' id='word_1_101' title='bbox 259 1623 317 1695; x_wconf 70' lang='grc' dir='ltr'><strong>τῆς</strong></span> <span class='ocrx_word' id='word_1_102' title='bbox 341 1616 507 1694; x_wconf 80' lang='grc' dir='ltr'>ἐπιεκοπῆτ</span> <span class='ocrx_word' id='word_1_103' title='bbox 531 1618 650 1696; x_wconf 88' lang='grc' dir='ltr'>θρόνον</span> <span class='ocrx_word' id='word_1_104' title='bbox 675 1618 839 1692; x_wconf 85' lang='grc' dir='ltr'>ἀνάγεται’.</span> 
     </span>
    </p>

    <p class='ocr_par' dir='ltr' id='par_1_5' title="bbox 107 1719 1244 2214">
     <span class='ocr_line' id='line_1_13' title="bbox 196 1719 1242 1807; baseline 0.006 -24"><span class='ocrx_word' id='word_1_105' title='bbox 196 1722 349 1785; x_wconf 90' lang='lat' dir='ltr'><strong>Virtutes</strong></span> <span class='ocrx_word' id='word_1_106' title='bbox 371 1719 405 1782; x_wconf 93' lang='lat' dir='ltr'><strong>in</strong></span> <span class='ocrx_word' id='word_1_107' title='bbox 429 1721 489 1782; x_wconf 89' lang='lat' dir='ltr'><strong>hac</strong></span> <span class='ocrx_word' id='word_1_108' title='bbox 515 1739 644 1803; x_wconf 89' lang='lat' dir='ltr'><strong>quoque</strong></span> <span class='ocrx_word' id='word_1_109' title='bbox 664 1722 806 1785; x_wconf 90' lang='lat' dir='ltr'><strong>oratione</strong></span> <span class='ocrx_word' id='word_1_110' title='bbox 828 1740 886 1804; x_wconf 91' lang='lat' dir='ltr'><strong>per</strong></span> <span class='ocrx_word' id='word_1_111' title='bbox 908 1740 943 1786; x_wconf 91' lang='lat' dir='ltr'><strong>se</strong></span> <span class='ocrx_word' id='word_1_112' title='bbox 969 1725 1163 1804; x_wconf 82' lang='lat' dir='ltr'><strong>tractantur3</strong></span> <span class='ocrx_word' id='word_1_113' title='bbox 1186 1745 1242 1807; x_wconf 93' lang='lat' dir='ltr'><strong>po·</strong></span> 
     </span>
     <span class='ocr_line' id='line_1_14' title="bbox 107 1821 1244 1910; baseline 0.007 -27"><span class='ocrx_word' id='word_1_114' title='bbox 107 1825 232 1884; x_wconf 87' lang='lat' dir='ltr'><strong>nuntur</strong></span> <span class='ocrx_word' id='word_1_115' title='bbox 263 1840 342 1885; x_wconf 90' lang='lat' dir='ltr'><strong>vero</strong></span> <span class='ocrx_word' id='word_1_116' title='bbox 372 1840 436 1884; x_wconf 92' lang='lat' dir='ltr'><strong>non</strong></span> <span class='ocrx_word' id='word_1_117' title='bbox 459 1827 496 1885; x_wconf 93' lang='lat' dir='ltr'><strong>ut</strong></span> <span class='ocrx_word' id='word_1_118' title='bbox 523 1822 558 1885; x_wconf 90' lang='lat' dir='ltr'><strong>in</strong></span> <span class='ocrx_word' id='word_1_119' title='bbox 584 1821 791 1906; x_wconf 89' lang='lat' dir='ltr'><strong>praecedenti</strong></span> <span class='ocrx_word' id='word_1_120' title='bbox 814 1825 956 1888; x_wconf 84' lang='lat' dir='ltr'><strong>oratione</strong></span> <span class='ocrx_word' id='word_1_121' title='bbox 980 1827 1068 1907; x_wconf 92' lang='lat' dir='ltr'><strong>ante,</strong></span> <span class='ocrx_word' id='word_1_122' title='bbox 1092 1826 1148 1889; x_wconf 89' lang='lat' dir='ltr'><strong>sed</strong></span> <span class='ocrx_word' id='word_1_123' title='bbox 1171 1832 1244 1910; x_wconf 90' lang='lat' dir='ltr'><strong>post</strong></span> 
     </span>
     <span class='ocr_line' id='line_1_15' title="bbox 108 1924 1242 2011; baseline 0.006 -25"><span class='ocrx_word' id='word_1_124' title='bbox 108 1924 191 1988; x_wconf 86' lang='lat' dir='ltr'><strong>facta</strong></span> <span class='ocrx_word' id='word_1_125' title='bbox 203 1925 385 2008; x_wconf 80' lang='lat' dir='ltr'><strong>explanata</strong></span> <span class='ocrx_word' id='word_1_126' title='bbox 401 1929 437 1987; x_wconf 90' lang='lat' dir='ltr'><strong>ut</strong></span> <span class='ocrx_word' id='word_1_127' title='bbox 452 1924 537 2008; x_wconf 89' lang='lat' dir='ltr'><strong>apud</strong></span> <span class='ocrx_word' id='word_1_128' title='bbox 548 1924 798 2008; x_wconf 89' lang='lat' dir='ltr'><strong>Xenophontem</strong></span> <span class='ocrx_word' id='word_1_129' title='bbox 811 1931 843 1991; x_wconf 94' lang='lat' dir='ltr'><strong>et</strong></span> <span class='ocrx_word' id='word_1_130' title='bbox 855 1925 1067 2010; x_wconf 89' lang='lat' dir='ltr'><strong>lulianum¹);</strong></span> <span class='ocrx_word' id='word_1_131' title='bbox 1089 1948 1108 1991; x_wconf 88' lang='lat' dir='ltr'><strong>a</strong></span> <span class='ocrx_word' id='word_1_132' title='bbox 1124 1929 1242 2011; x_wconf 89' lang='lat' dir='ltr'><strong>quibus</strong></span> 
     </span>
     <span class='ocr_line' id='line_1_16' title="bbox 108 2027 1241 2115; baseline 0.005 -26"><span class='ocrx_word' id='word_1_133' title='bbox 108 2031 215 2091; x_wconf 92' lang='lat' dir='ltr'><strong>tamen</strong></span> <span class='ocrx_word' id='word_1_134' title='bbox 240 2047 280 2091; x_wconf 89' lang='lat' dir='ltr'><strong>ea</strong></span> <span class='ocrx_word' id='word_1_135' title='bbox 302 2045 339 2091; x_wconf 95' lang='lat' dir='ltr'><strong>re</strong></span> <span class='ocrx_word' id='word_1_136' title='bbox 363 2027 483 2109; x_wconf 82' lang='lat' dir='ltr'><strong>differt,</strong></span> <span class='ocrx_word' id='word_1_137' title='bbox 512 2027 599 2110; x_wconf 90' lang='lat' dir='ltr'><strong>quod</strong></span> <span class='ocrx_word' id='word_1_138' title='bbox 622 2047 782 2111; x_wconf 84' lang='lat' dir='ltr'><strong>nusquam</strong></span> <span class='ocrx_word' id='word_1_139' title='bbox 809 2031 892 2095; x_wconf 87' lang='lat' dir='ltr'><strong>facta</strong></span> <span class='ocrx_word' id='word_1_140' title='bbox 920 2031 961 2094; x_wconf 90' lang='lat' dir='ltr'><strong>ad</strong></span> <span class='ocrx_word' id='word_1_141' title='bbox 990 2032 1241 2115; x_wconf 89' lang='lat' dir='ltr'><strong>comprobandas</strong></span> 
     </span>
     <span class='ocr_line' id='line_1_17' title="bbox 107 2129 485 2214; baseline 0 -20"><span class='ocrx_word' id='word_1_142' title='bbox 107 2129 243 2195; x_wconf 85' lang='lat' dir='ltr'><strong>virtutes</strong></span> <span class='ocrx_word' id='word_1_143' title='bbox 266 2129 485 2214; x_wconf 83' lang='lat' dir='ltr'><strong>proferuntur.</strong></span> 
     </span>
    </p>

    <p class='ocr_par' dir='ltr' id='par_1_6' title="bbox 108 2234 1275 4066">
     <span class='ocr_line' id='line_1_18' title="bbox 196 2234 1242 2320; baseline 0.004 -22"><span class='ocrx_word' id='word_1_144' title='bbox 196 2234 411 2314; x_wconf 79' lang='grc' dir='ltr'>Μακαριτμότ,</span> <span class='ocrx_word' id='word_1_145' title='bbox 428 2252 524 2315; x_wconf 91' lang='lat' dir='ltr'><strong>quem</strong></span> <span class='ocrx_word' id='word_1_146' title='bbox 539 2234 573 2296; x_wconf 94' lang='lat' dir='ltr'><strong>in</strong></span> <span class='ocrx_word' id='word_1_147' title='bbox 589 2234 657 2297; x_wconf 88' lang='lat' dir='ltr'><strong>fine</strong></span> <span class='ocrx_word' id='word_1_148' title='bbox 675 2236 826 2299; x_wconf 89' lang='lat' dir='ltr'><strong>orationis</strong></span> <span class='ocrx_word' id='word_1_149' title='bbox 844 2235 990 2319; x_wconf 74' lang='lat' dir='ltr'><strong>legimus,</strong></span> <span class='ocrx_word' id='word_1_150' title='bbox 1007 2255 1083 2301; x_wconf 82' lang='lat' dir='ltr'><strong>vere</strong></span> <span class='ocrx_word' id='word_1_151' title='bbox 1100 2239 1242 2320; x_wconf 88' lang='lat' dir='ltr'><strong>hymnus</strong></span> 
     </span>
     <span class='ocr_line' id='line_1_19' title="bbox 109 2329 1242 2424; baseline 0.006 -25"><span class='ocrx_word' id='word_1_152' title='bbox 109 2340 167 2416; x_wconf 82' lang='lat' dir='ltr'><strong>est3</strong></span> <span class='ocrx_word' id='word_1_153' title='bbox 192 2336 300 2400; x_wconf 83' lang='lat' dir='ltr'><strong>forma</strong></span> <span class='ocrx_word' id='word_1_154' title='bbox 321 2329 465 2400; x_wconf 86' lang='lat' dir='ltr'><strong>colorum</strong></span> <span class='ocrx_word' id='word_1_155' title='bbox 482 2337 674 2400; x_wconf 84' lang='lat' dir='ltr'><strong>antithetica</strong></span> <span class='ocrx_word' id='word_1_156' title='bbox 696 2357 754 2421; x_wconf 91' lang='lat' dir='ltr'><strong>per</strong></span> <span class='ocrx_word' id='word_1_157' title='bbox 769 2344 872 2402; x_wconf 90' lang='lat' dir='ltr'><strong>totum</strong></span> <span class='ocrx_word' id='word_1_158' title='bbox 892 2345 988 2422; x_wconf 91' lang='lat' dir='ltr'><strong>caput</strong></span> <span class='ocrx_word' id='word_1_159' title='bbox 1005 2342 1153 2423; x_wconf 65' lang='lat' dir='ltr'><strong>pertinet,</strong></span> <span class='ocrx_word' id='word_1_160' title='bbox 1178 2362 1242 2424; x_wconf 91' lang='lat' dir='ltr'><strong>qua</strong></span> 
     </span>
     <span class='ocr_line' id='line_1_20' title="bbox 108 2437 1242 2522; baseline 0.006 -21"><span class='ocrx_word' id='word_1_161' title='bbox 108 2441 194 2522; x_wconf 87' lang='lat' dir='ltr'><strong>parte</strong></span> <span class='ocrx_word' id='word_1_162' title='bbox 206 2438 371 2502; x_wconf 85' lang='lat' dir='ltr'><strong>iudicium</strong></span> <span class='ocrx_word' id='word_1_163' title='bbox 383 2437 462 2500; x_wconf 92' lang='lat' dir='ltr'><strong>illud</strong></span> <span class='ocrx_word' id='word_1_164' title='bbox 476 2438 623 2520; x_wconf 88' lang='lat' dir='ltr'><strong>Useneri‚</strong></span> <span class='ocrx_word' id='word_1_165' title='bbox 644 2440 731 2522; x_wconf 92' lang='lat' dir='ltr'><strong>quod</strong></span> <span class='ocrx_word' id='word_1_166' title='bbox 746 2440 785 2506; x_wconf 93' lang='lat' dir='ltr'><strong>de</strong></span> <span class='ocrx_word' id='word_1_167' title='bbox 801 2447 867 2505; x_wconf 91' lang='lat' dir='ltr'><strong>arte</strong></span> <span class='ocrx_word' id='word_1_168' title='bbox 880 2441 1074 2506; x_wconf 83' lang='lat' dir='ltr'><strong>Nazianzeni</strong></span> <span class='ocrx_word' id='word_1_169' title='bbox 1086 2445 1159 2508; x_wconf 89' lang='lat' dir='ltr'><strong>tulit</strong></span> <span class='ocrx_word' id='word_1_170' title='bbox 1175 2443 1242 2509; x_wconf 79' lang='lat' dir='ltr'><strong>‘der</strong></span> 
     </span>
     <span class='ocr_line' id='line_1_21' title="bbox 109 2539 1242 2631; baseline 0.009 -29"><span class='ocrx_word' id='word_1_171' title='bbox 109 2543 219 2606; x_wconf 89' lang='lat' dir='ltr'><strong>rasche</strong></span> <span class='ocrx_word' id='word_1_172' title='bbox 234 2541 321 2604; x_wconf 83' lang='lat' dir='ltr'><strong>Tana</strong></span> <span class='ocrx_word' id='word_1_173' title='bbox 338 2541 526 2604; x_wconf 89' lang='lat' dir='ltr'><strong>asiatischer</strong></span> <span class='ocrx_word' id='word_1_174' title='bbox 541 2540 632 2603; x_wconf 91' lang='lat' dir='ltr'><strong>Kola&#39;</strong></span> <span class='ocrx_word' id='word_1_175' title='bbox 648 2539 930 2626; x_wconf 85' lang='lat' dir='ltr'><strong>(Religionsgesch.</strong></span> <span class='ocrx_word' id='word_1_176' title='bbox 949 2544 1242 2631; x_wconf 87' lang='lat' dir='ltr'><strong>Untersuchungen</strong></span> 
     </span>
     <span class='ocr_line' id='line_1_22' title="bbox 109 2642 1241 2732; baseline 0.008 -26"><span class='ocrx_word' id='word_1_177' title='bbox 109 2642 216 2728; x_wconf 81' lang='lat'><strong>1253)</strong></span> <span class='ocrx_word' id='word_1_178' title='bbox 243 2645 365 2726; x_wconf 91' lang='lat' dir='ltr'><strong>optime</strong></span> <span class='ocrx_word' id='word_1_179' title='bbox 385 2643 602 2707; x_wconf 84' lang='lat' dir='ltr'><strong>confirmatur.</strong></span> <span class='ocrx_word' id='word_1_180' title='bbox 628 2643 818 2727; x_wconf 80' lang='lat' dir='ltr'><strong>Gregorium</strong></span> <span class='ocrx_word' id='word_1_181' title='bbox 836 2647 942 2731; x_wconf 89' lang='lat' dir='ltr'><strong>ipsum</strong></span> <span class='ocrx_word' id='word_1_182' title='bbox 963 2647 1024 2711; x_wconf 87' lang='lat' dir='ltr'><strong>sibi</strong></span> <span class='ocrx_word' id='word_1_183' title='bbox 1043 2652 1241 2732; x_wconf 81' lang='lat' dir='ltr'><strong>persuasisse</strong></span> 
     </span>
     <span class='ocr_line' id='line_1_23' title="bbox 109 2746 1243 2833; baseline 0.01 -25"><span class='ocrx_word' id='word_1_184' title='bbox 109 2746 189 2812; x_wconf 88' lang='lat' dir='ltr'><strong>hanc</strong></span> <span class='ocrx_word' id='word_1_185' title='bbox 201 2753 331 2832; x_wconf 89' lang='lat' dir='ltr'><strong>partem</strong></span> <span class='ocrx_word' id='word_1_186' title='bbox 340 2746 591 2830; x_wconf 90' lang='lat' dir='ltr'><strong>pulcherrimam</strong></span> <span class='ocrx_word' id='word_1_187' title='bbox 603 2766 673 2811; x_wconf 91' lang='lat' dir='ltr'><strong>esse</strong></span> <span class='ocrx_word' id='word_1_188' title='bbox 684 2748 759 2812; x_wconf 89' lang='lat' dir='ltr'><strong>inde</strong></span> <span class='ocrx_word' id='word_1_189' title='bbox 772 2750 1009 2833; x_wconf 61' lang='lat' dir='ltr'><strong>apparet&#39;quod</strong></span> <span class='ocrx_word' id='word_1_190' title='bbox 1020 2754 1123 2816; x_wconf 92' lang='lat' dir='ltr'><strong>totum</strong></span> <span class='ocrx_word' id='word_1_191' title='bbox 1135 2755 1243 2819; x_wconf 92' lang='lat' dir='ltr'><strong>locum</strong></span> 
     </span>
     <span class='ocr_line' id='line_1_24' title="bbox 109 2850 1242 2950; baseline 0.008 -38"><span class='ocrx_word' id='word_1_192' title='bbox 109 2850 141 2914; x_wconf 90' lang='lat' dir='ltr'><strong>in</strong></span> <span class='ocrx_word' id='word_1_193' title='bbox 156 2852 382 2917; x_wconf 81' lang='lat' dir='ltr'><strong>laudationem</strong></span> <span class='ocrx_word' id='word_1_194' title='bbox 393 2850 427 2913; x_wconf 91' lang='lat' dir='ltr'><strong>in</strong></span> <span class='ocrx_word' id='word_1_195' title='bbox 444 2850 657 2914; x_wconf 85' lang='lat' dir='ltr'><strong>Athanasium</strong></span> <span class='ocrx_word' id='word_1_196' title='bbox 669 2853 877 2934; x_wconf 86' lang='lat' dir='ltr'><strong>compositam</strong></span> <span class='ocrx_word' id='word_1_197' title='bbox 889 2855 1051 2919; x_wconf 89' lang='lat' dir='ltr'><strong>transtulit</strong></span> <span class='ocrx_word' id='word_1_198' title='bbox 1066 2857 1118 2939; x_wconf 84' lang='lat' dir='ltr'><strong>(cf.</strong></span> <span class='ocrx_word' id='word_1_199' title='bbox 1131 2877 1182 2940; x_wconf 84' lang='lat' dir='ltr'><strong>pg.</strong></span> <span class='ocrx_word' id='word_1_200' title='bbox 1192 2858 1242 2950; x_wconf 64' lang='lat'><strong>68,</strong></span> 
     </span>
     <span class='ocr_line' id='line_1_25' title="bbox 109 2953 1242 3040; baseline 0.004 -24"><span class='ocrx_word' id='word_1_201' title='bbox 109 2959 170 3019; x_wconf 93' lang='lat' dir='ltr'><strong>not.</strong></span> <span class='ocrx_word' id='word_1_202' title='bbox 182 2958 225 3037; x_wconf 84' lang='lat'><strong>1).</strong></span> <span class='ocrx_word' id='word_1_203' title='bbox 247 2955 359 3037; x_wconf 89' lang='lat' dir='ltr'><strong>Atque</strong></span> <span class='ocrx_word' id='word_1_204' title='bbox 371 2957 409 3016; x_wconf 90' lang='lat' dir='ltr'><strong>ut</strong></span> <span class='ocrx_word' id='word_1_205' title='bbox 419 2953 454 3015; x_wconf 94' lang='lat' dir='ltr'><strong>in</strong></span> <span class='ocrx_word' id='word_1_206' title='bbox 465 2953 641 3037; x_wconf 90' lang='lat' dir='ltr'><strong>posteriore</strong></span> <span class='ocrx_word' id='word_1_207' title='bbox 654 2954 714 3018; x_wconf 89' lang='lat' dir='ltr'><strong>hac</strong></span> <span class='ocrx_word' id='word_1_208' title='bbox 724 2954 866 3020; x_wconf 89' lang='lat' dir='ltr'><strong>oratione</strong></span> <span class='ocrx_word' id='word_1_209' title='bbox 875 2957 1038 3021; x_wconf 87' lang='lat' dir='ltr'><strong>auditores</strong></span> <span class='ocrx_word' id='word_1_210' title='bbox 1049 2958 1242 3040; x_wconf 79' lang='lat' dir='ltr'><strong>adhortatur,</strong></span> 
     </span>
     <span class='ocr_line' id='line_1_26' title="bbox 108 3056 1240 3144; baseline 0.004 -24"><span class='ocrx_word' id='word_1_211' title='bbox 108 3062 143 3120; x_wconf 89' lang='lat' dir='ltr'><strong>ut</strong></span> <span class='ocrx_word' id='word_1_212' title='bbox 151 3059 218 3142; x_wconf 91' lang='lat' dir='ltr'><strong>ipsi</strong></span> <span class='ocrx_word' id='word_1_213' title='bbox 229 3056 431 3120; x_wconf 87' lang='lat' dir='ltr'><strong>auxilientur</strong></span> <span class='ocrx_word' id='word_1_214' title='bbox 440 3060 472 3119; x_wconf 90' lang='lat' dir='ltr'><strong>et</strong></span> <span class='ocrx_word' id='word_1_215' title='bbox 483 3075 593 3120; x_wconf 90' lang='lat' dir='ltr'><strong>secum</strong></span> <span class='ocrx_word' id='word_1_216' title='bbox 604 3057 733 3122; x_wconf 91' lang='lat' dir='ltr'><strong>laudem</strong></span> <span class='ocrx_word' id='word_1_217' title='bbox 745 3059 909 3124; x_wconf 89' lang='lat' dir='ltr'><strong>Athanasii</strong></span> <span class='ocrx_word' id='word_1_218' title='bbox 921 3061 1108 3144; x_wconf 90' lang='lat' dir='ltr'><strong>praedicent</strong></span> <span class='ocrx_word' id='word_1_219' title='bbox 1118 3064 1176 3144; x_wconf 89' lang='lat' dir='ltr'><strong>(op.</strong></span> <span class='ocrx_word' id='word_1_220' title='bbox 1186 3063 1240 3126; x_wconf 81' lang='lat'><strong>10:</strong></span> 
     </span>
     <span class='ocr_line' id='line_1_27' title="bbox 109 3159 1240 3240; baseline 0.002 -15"><span class='ocrx_word' id='word_1_221' title='bbox 109 3159 232 3240; x_wconf 69' lang='grc' dir='ltr'>’Δεῦρο</span> <span class='ocrx_word' id='word_1_222' title='bbox 262 3161 302 3237; x_wconf 85' lang='grc' dir='ltr'><strong>δὴ</strong></span> <span class='ocrx_word' id='word_1_223' title='bbox 333 3160 621 3237; x_wconf 79' lang='grc' dir='ltr'>ευμπανηγυρίτατὲ</span> <span class='ocrx_word' id='word_1_224' title='bbox 649 3180 699 3238; x_wconf 82' lang='grc' dir='ltr'><strong>μοι</strong></span> <span class='ocrx_word' id='word_1_225' title='bbox 726 3162 796 3240; x_wconf 87' lang='grc' dir='ltr'>περὶ</span> <span class='ocrx_word' id='word_1_226' title='bbox 818 3163 875 3226; x_wconf 87' lang='grc' dir='ltr'><strong>τὸν</strong></span> <span class='ocrx_word' id='word_1_227' title='bbox 900 3163 997 3237; x_wconf 83' lang='grc' dir='ltr'>λόγον</span> <span class='ocrx_word' id='word_1_228' title='bbox 1019 3162 1240 3240; x_wconf 86' lang='grc' dir='ltr'>κάμνοντι...</span> 
     </span>
     <span class='ocr_line' id='line_1_28' title="bbox 109 3261 1241 3346; baseline 0.002 -20"><span class='ocrx_word' id='word_1_229' title='bbox 109 3267 204 3344; x_wconf 82' lang='grc' dir='ltr'>δεῦρο</span> <span class='ocrx_word' id='word_1_230' title='bbox 232 3263 293 3327; x_wconf 83' lang='grc' dir='ltr'><strong>οὖν</strong></span> <span class='ocrx_word' id='word_1_231' title='bbox 313 3282 366 3340; x_wconf 83' lang='grc' dir='ltr'><strong>μοι</strong></span> <span class='ocrx_word' id='word_1_232' title='bbox 383 3263 517 3326; x_wconf 83' lang='grc' dir='ltr'>διὲλετθε</span> <span class='ocrx_word' id='word_1_233' title='bbox 534 3262 574 3325; x_wconf 89' lang='grc' dir='ltr'><strong>τὰ</strong></span> <span class='ocrx_word' id='word_1_234' title='bbox 594 3261 714 3325; x_wconf 81' lang='grc' dir='ltr'>ἐκείνου</span> <span class='ocrx_word' id='word_1_235' title='bbox 733 3265 821 3346; x_wconf 80' lang='grc' dir='ltr'>καλά,</span> <span class='ocrx_word' id='word_1_236' title='bbox 846 3263 912 3329; x_wconf 77' lang='lat' dir='ltr'><strong>licor</strong></span> <span class='ocrx_word' id='word_1_237' title='bbox 935 3269 994 3329; x_wconf 82' lang='grc' dir='ltr'><strong>τοῦ</strong></span> <span class='ocrx_word' id='word_1_238' title='bbox 1014 3265 1132 3329; x_wconf 86' lang='grc' dir='ltr'>ἐκείνου</span> <span class='ocrx_word' id='word_1_239' title='bbox 1157 3266 1241 3330; x_wconf 81' lang='grc' dir='ltr'>ἐπαι-</span> 
     </span>
     <span class='ocr_line' id='line_1_29' title="bbox 108 3365 1242 3447; baseline 0.003 -19"><span class='ocrx_word' id='word_1_240' title='bbox 108 3367 190 3432; x_wconf 78' lang='grc' dir='ltr'>νέται</span> <span class='ocrx_word' id='word_1_241' title='bbox 218 3368 270 3430; x_wconf 88' lang='grc' dir='ltr'><strong>καὶ</strong></span> <span class='ocrx_word' id='word_1_242' title='bbox 289 3366 447 3444; x_wconf 74' lang='grc' dir='ltr'>μάρτυρες</span> <span class='ocrx_word' id='word_1_243' title='bbox 465 3367 515 3428; x_wconf 87' lang='grc' dir='ltr'><strong>καὶ</strong></span> <span class='ocrx_word' id='word_1_244' title='bbox 534 3365 644 3440; x_wconf 88' lang='grc' dir='ltr'>ἀγῶνα</span> <span class='ocrx_word' id='word_1_245' title='bbox 664 3367 760 3429; x_wconf 90' lang='grc' dir='ltr'>καλὸν</span> <span class='ocrx_word' id='word_1_246' title='bbox 778 3365 968 3442; x_wconf 61' lang='lat' dir='ltr'><strong>tauritanae</strong></span> <span class='ocrx_word' id='word_1_247' title='bbox 986 3369 1067 3445; x_wconf 79' lang='lat' dir='ltr'><strong>apoc</strong></span> <span class='ocrx_word' id='word_1_248' title='bbox 1086 3368 1242 3447; x_wconf 69' lang='grc' dir='ltr'>ἀλλήλους</span> 
     </span>
     <span class='ocr_line' id='line_1_30' title="bbox 110 3468 1241 3550; baseline 0.002 -18"><span class='ocrx_word' id='word_1_249' title='bbox 110 3468 225 3550; x_wconf 68' lang='grc' dir='ltr'>ἄνδρες</span> <span class='ocrx_word' id='word_1_250' title='bbox 243 3469 328 3547; x_wconf 80' lang='grc' dir='ltr'>ὁμοῦ</span> <span class='ocrx_word' id='word_1_251' title='bbox 344 3469 395 3530; x_wconf 89' lang='grc' dir='ltr'><strong>καὶ</strong></span> <span class='ocrx_word' id='word_1_252' title='bbox 410 3471 552 3542; x_wconf 69' lang='grc' dir='ltr'>γυναῖκες</span> <span class='ocrx_word' id='word_1_253' title='bbox 567 3468 664 3550; x_wconf 78' lang='grc' dir='ltr'>κτλ.’),</span> <span class='ocrx_word' id='word_1_254' title='bbox 687 3469 732 3531; x_wconf 87' lang='lat' dir='ltr'><strong>ita</strong></span> <span class='ocrx_word' id='word_1_255' title='bbox 755 3469 851 3533; x_wconf 90' lang='lat' dir='ltr'><strong>etiam</strong></span> <span class='ocrx_word' id='word_1_256' title='bbox 874 3471 909 3533; x_wconf 90' lang='lat' dir='ltr'><strong>in</strong></span> <span class='ocrx_word' id='word_1_257' title='bbox 932 3470 1075 3534; x_wconf 89' lang='lat' dir='ltr'><strong>oratione</strong></span> <span class='ocrx_word' id='word_1_258' title='bbox 1098 3472 1133 3534; x_wconf 90' lang='lat' dir='ltr'><strong>in</strong></span> <span class='ocrx_word' id='word_1_259' title='bbox 1152 3469 1241 3534; x_wconf 91' lang='lat' dir='ltr'><strong>Basi-</strong></span> 
     </span>
     <span class='ocr_line' id='line_1_31' title="bbox 108 3571 1240 3656; baseline 0.001 -22"><span class='ocrx_word' id='word_1_260' title='bbox 108 3573 186 3638; x_wconf 89' lang='lat' dir='ltr'><strong>lium</strong></span> <span class='ocrx_word' id='word_1_261' title='bbox 210 3571 388 3655; x_wconf 85' lang='lat' dir='ltr'><strong>Gregorius</strong></span> <span class='ocrx_word' id='word_1_262' title='bbox 415 3574 491 3651; x_wconf 84' lang='lat' dir='ltr'><strong>orat,</strong></span> <span class='ocrx_word' id='word_1_263' title='bbox 514 3576 551 3634; x_wconf 89' lang='lat' dir='ltr'><strong>ut</strong></span> <span class='ocrx_word' id='word_1_264' title='bbox 574 3571 713 3636; x_wconf 82' lang='lat' dir='ltr'><strong>‘chorus&#39;</strong></span> <span class='ocrx_word' id='word_1_265' title='bbox 740 3592 860 3656; x_wconf 82' lang='lat' dir='ltr'><strong>eorum,</strong></span> <span class='ocrx_word' id='word_1_266' title='bbox 886 3574 942 3656; x_wconf 94' lang='lat' dir='ltr'><strong>qui</strong></span> <span class='ocrx_word' id='word_1_267' title='bbox 967 3592 1001 3638; x_wconf 88' lang='lat' dir='ltr'><strong>se</strong></span> <span class='ocrx_word' id='word_1_268' title='bbox 1025 3574 1240 3655; x_wconf 66' lang='lat' dir='ltr'><strong>circumstent,</strong></span> 
     </span>
     <span class='ocr_line' id='line_1_32' title="bbox 108 3673 1245 3758; baseline 0.002 -21"><span class='ocrx_word' id='word_1_269' title='bbox 108 3676 236 3742; x_wconf 90' lang='lat' dir='ltr'><strong>laudem</strong></span> <span class='ocrx_word' id='word_1_270' title='bbox 263 3675 383 3738; x_wconf 87' lang='lat' dir='ltr'><strong>mortui</strong></span> <span class='ocrx_word' id='word_1_271' title='bbox 403 3678 497 3737; x_wconf 89' lang='lat' dir='ltr'><strong>canat</strong></span> <span class='ocrx_word' id='word_1_272' title='bbox 519 3693 567 3758; x_wconf 90' lang='lat' dir='ltr'><strong>cp.</strong></span> <span class='ocrx_word' id='word_1_273' title='bbox 585 3677 644 3739; x_wconf 85' lang='lat'><strong>81:</strong></span> <span class='ocrx_word' id='word_1_274' title='bbox 669 3675 791 3756; x_wconf 67' lang='grc' dir='ltr'>’Δεῦρο</span> <span class='ocrx_word' id='word_1_275' title='bbox 815 3679 854 3754; x_wconf 85' lang='grc' dir='ltr'><strong>δὴ</strong></span> <span class='ocrx_word' id='word_1_276' title='bbox 874 3677 1068 3753; x_wconf 76' lang='grc' dir='ltr'>περιετάντετ</span> <span class='ocrx_word' id='word_1_277' title='bbox 1087 3696 1124 3753; x_wconf 87' lang='grc' dir='ltr'><strong>με</strong></span> <span class='ocrx_word' id='word_1_278' title='bbox 1142 3679 1204 3741; x_wconf 79' lang='grc' dir='ltr'><strong>πᾶ(</strong></span> <span class='ocrx_word' id='word_1_279' title='bbox 1221 3673 1245 3739; x_wconf 84' lang='grc' dir='ltr'><strong>ὁ’</strong></span> 
     </span>
     <span class='ocr_line' id='line_1_33' title="bbox 109 3775 1241 3861; baseline -0.002 -19"><span class='ocrx_word' id='word_1_280' title='bbox 109 3779 229 3845; x_wconf 83' lang='grc' dir='ltr'>ἐκείνου</span> <span class='ocrx_word' id='word_1_281' title='bbox 257 3777 358 3856; x_wconf 70' lang='grc' dir='ltr'>χορός</span> <span class='ocrx_word' id='word_1_282' title='bbox 381 3775 448 3840; x_wconf 79' lang='lat' dir='ltr'><strong>deor</strong></span> <span class='ocrx_word' id='word_1_283' title='bbox 471 3781 530 3841; x_wconf 81' lang='grc' dir='ltr'><strong>τοῦ</strong></span> <span class='ocrx_word' id='word_1_284' title='bbox 555 3777 693 3857; x_wconf 72' lang='grc' dir='ltr'>βήματος</span> <span class='ocrx_word' id='word_1_285' title='bbox 717 3779 789 3843; x_wconf 84' lang='grc' dir='ltr'>κτλ’.</span> <span class='ocrx_word' id='word_1_286' title='bbox 815 3778 918 3855; x_wconf 81' lang='lat' dir='ltr'><strong>Quam</strong></span> <span class='ocrx_word' id='word_1_287' title='bbox 941 3779 1133 3843; x_wconf 90' lang='lat' dir='ltr'><strong>sententiam</strong></span> <span class='ocrx_word' id='word_1_288' title='bbox 1155 3778 1241 3861; x_wconf 92' lang='lat' dir='ltr'><strong>apud</strong></span> 
     </span>
     <span class='ocr_line' id='line_1_34' title="bbox 109 3879 1239 3963; baseline -0.004 -17"><span class='ocrx_word' id='word_1_289' title='bbox 109 3890 252 3948; x_wconf 89' lang='lat' dir='ltr'><strong>oratores</strong></span> <span class='ocrx_word' id='word_1_290' title='bbox 276 3879 428 3963; x_wconf 90' lang='lat' dir='ltr'><strong>aequales</strong></span> <span class='ocrx_word' id='word_1_291' title='bbox 447 3880 596 3943; x_wconf 87' lang='lat' dir='ltr'><strong>usitatam</strong></span> <span class='ocrx_word' id='word_1_292' title='bbox 614 3880 714 3944; x_wconf 77' lang='lat' dir='ltr'><strong>hrisse</strong></span> <span class='ocrx_word' id='word_1_293' title='bbox 738 3882 934 3945; x_wconf 88' lang='lat' dir='ltr'><strong>demonstrat</strong></span> <span class='ocrx_word' id='word_1_294' title='bbox 950 3881 982 3945; x_wconf 89' lang='lat' dir='ltr'>N</span> <span class='ocrx_word' id='word_1_295' title='bbox 983 3881 1159 3963; x_wconf 51' lang='lat' dir='ltr'><strong>ordonum),</strong></span> <span class='ocrx_word' id='word_1_296' title='bbox 1184 3882 1239 3961; x_wconf 92' lang='lat' dir='ltr'><strong>qui</strong></span> 
     </span>
     <span class='ocr_line' id='line_1_35' title="bbox 109 3982 1275 4066; baseline -0.002 -18"><span class='ocrx_word' id='word_1_297' title='bbox 109 3985 202 4052; x_wconf 91' lang='lat' dir='ltr'><strong>dicit:</strong></span> <span class='ocrx_word' id='word_1_298' title='bbox 221 3986 273 4049; x_wconf 82' lang='lat' dir='ltr'><strong>‘In</strong></span> <span class='ocrx_word' id='word_1_299' title='bbox 290 3984 349 4048; x_wconf 93' lang='lat' dir='ltr'><strong>der</strong></span> <span class='ocrx_word' id='word_1_300' title='bbox 365 3986 472 4047; x_wconf 89' lang='lat' dir='ltr'><strong>ersten</strong></span> <span class='ocrx_word' id='word_1_301' title='bbox 484 3983 652 4047; x_wconf 83' lang='lat' dir='ltr'><strong>Invehtive</strong></span> <span class='ocrx_word' id='word_1_302' title='bbox 668 4002 772 4066; x_wconf 84' lang='lat' dir='ltr'><strong>gagen</strong></span> <span class='ocrx_word' id='word_1_303' title='bbox 782 3984 892 4049; x_wconf 89' lang='lat' dir='ltr'><strong>Julian</strong></span> <span class='ocrx_word' id='word_1_304' title='bbox 907 3985 975 4047; x_wconf 85' lang='lat' dir='ltr'><strong>ruit</strong></span> <span class='ocrx_word' id='word_1_305' title='bbox 991 4003 1027 4048; x_wconf 91' lang='lat' dir='ltr'><strong>er</strong></span> <span class='ocrx_word' id='word_1_306' title='bbox 1044 3982 1239 4065; x_wconf 81' lang='lat' dir='ltr'><strong>(Gregorius)</strong></span> <span class='ocrx_word' id='word_1_307' title='bbox 1273 3994 1275 3998; x_wconf 82' lang='grc'><strong>’</strong></span> 
     </span>
    </p>
   </div>
   <div class='ocr_carea' id='block_1_5' title="bbox 108 4104 326 4118">
    <p class='ocr_par' dir='ltr' id='par_1_7' title="bbox 108 4104 326 4118">
     <span class='ocr_line' id='line_1_36' title="bbox 108 4104 326 4118; baseline -0.005 -4"><span class='ocrx_word' id='word_1_308' title='bbox 108 4104 326 4118; x_wconf 82' lang='grc'><strong>..-.-.--</strong></span> 
     </span>
    </p>
   </div>
   <div class='ocr_carea' id='block_1_6' title="bbox 200 4154 1237 4230">
    <p class='ocr_par' dir='ltr' id='par_1_8' title="bbox 200 4154 1237 4230">
     <span class='ocr_line' id='line_1_37' title="bbox 200 4154 1237 4230; baseline -0.007 -17"><span class='ocrx_word' id='word_1_309' title='bbox 200 4160 219 4230; x_wconf 84' lang='lat'><strong>¹)</strong></span> <span class='ocrx_word' id='word_1_310' title='bbox 240 4157 379 4213; x_wconf 88' lang='lat' dir='ltr'><strong>Libanius</strong></span> <span class='ocrx_word' id='word_1_311' title='bbox 397 4156 428 4210; x_wconf 89' lang='lat' dir='ltr'><strong>in</strong></span> <span class='ocrx_word' id='word_1_312' title='bbox 445 4156 588 4226; x_wconf 88' lang='lat' dir='ltr'><strong>epitaphio</strong></span> <span class='ocrx_word' id='word_1_313' title='bbox 605 4154 636 4210; x_wconf 92' lang='lat' dir='ltr'><strong>in</strong></span> <span class='ocrx_word' id='word_1_314' title='bbox 649 4156 787 4212; x_wconf 89' lang='lat' dir='ltr'><strong>Iulianum</strong></span> <span class='ocrx_word' id='word_1_315' title='bbox 804 4157 902 4212; x_wconf 88' lang='lat' dir='ltr'><strong>laudat</strong></span> <span class='ocrx_word' id='word_1_316' title='bbox 917 4159 954 4210; x_wconf 86' lang='grc' dir='ltr'><strong>τὰ</strong></span> <span class='ocrx_word' id='word_1_317' title='bbox 974 4155 1159 4221; x_wconf 86' lang='grc' dir='ltr'>πεπραγμένα</span> <span class='ocrx_word' id='word_1_318' title='bbox 1179 4154 1237 4218; x_wconf 78' lang='grc' dir='ltr'>μετ’</span> 
     </span>
    </p>
   </div>
   <div class='ocr_carea' id='block_1_7' title="bbox 110 4243 827 4402">
    <p class='ocr_par' dir='ltr' id='par_1_9' title="bbox 110 4243 827 4402">
     <span class='ocr_line' id='line_1_38' title="bbox 110 4243 566 4314; baseline -0.007 -16"><span class='ocrx_word' id='word_1_319' title='bbox 110 4245 218 4314; x_wconf 73' lang='grc' dir='ltr'>ἀρετῆς,</span> <span class='ocrx_word' id='word_1_320' title='bbox 239 4259 300 4299; x_wconf 89' lang='lat' dir='ltr'><strong>non</strong></span> <span class='ocrx_word' id='word_1_321' title='bbox 319 4243 440 4298; x_wconf 85' lang='lat' dir='ltr'><strong>virtutes</strong></span> <span class='ocrx_word' id='word_1_322' title='bbox 459 4258 566 4310; x_wconf 89' lang='lat' dir='ltr'><strong>perse.</strong></span> 
     </span>
     <span class='ocr_line' id='line_1_39' title="bbox 197 4327 827 4402; baseline -0.01 -16"><span class='ocrx_word' id='word_1_323' title='bbox 197 4332 219 4402; x_wconf 82' lang='lat'><strong>¹)</strong></span> <span class='ocrx_word' id='word_1_324' title='bbox 240 4330 393 4398; x_wconf 88' lang='lat' dir='ltr'><strong>Norden,</strong></span> <span class='ocrx_word' id='word_1_325' title='bbox 412 4327 513 4382; x_wconf 88' lang='lat' dir='ltr'><strong>Antike</strong></span> <span class='ocrx_word' id='word_1_326' title='bbox 532 4328 708 4395; x_wconf 86' lang='lat' dir='ltr'><strong>Kunstprosa</strong></span> <span class='ocrx_word' id='word_1_327' title='bbox 726 4327 827 4382; x_wconf 75' lang='lat'><strong>11847.</strong></span> 
     </span>
    </p>
   </div>
   <div class='ocr_carea' id='block_1_8' title="bbox 0 0 1618 5268">
    <p class='ocr_par' dir='ltr' id='par_1_10' title="bbox 0 0 1618 5268">
     <span class='ocr_line' id='line_1_40' title="bbox 0 0 1618 5268; baseline 0 0"><span class='ocrx_word' id='word_1_328' title='bbox 0 0 1618 5268; x_wconf 95' lang='lat' dir='ltr'><strong> </strong></span> 
     </span>
    </p>
   </div>
  </div>
 </body>
</html>
