3270 5250
358 467 399 530 62
786 472 914 525 Robert
939 470 1056 536 Bloch,
1400 460 1491 545 [324]

356 651 393 709 ut
407 645 550 727 Lycinus
569 646 687 728 primas
706 647 811 727 partes
831 647 962 724 teneret,
982 661 1045 724 qua
1064 643 1098 703 in
1117 660 1152 705 re
1171 642 1386 724 componendi
1403 642 1491 705 diiii-

357 748 459 812 cultas
484 747 623 823 exstitit3
648 748 731 810 hanc
755 745 794 808 ab
818 750 947 808 auctore
971 744 1190 808 sollertissime
1214 751 1401 827 superatam
1420 765 1491 812 esse

356 869 433 914 sane
457 849 696 932 denegabimur.

445 953 535 1030 Quae
554 953 581 1016 si
601 952 768 1015 nobiscum
787 951 1044 1034 reputaverimus
1061 950 1175 1031 omnia,
1193 949 1267 1013 fieri
1288 970 1353 1014 non
1373 956 1489 1036 potest,

355 1061 391 1120 ut
407 1076 448 1121 ex
465 1055 583 1138 dialogi
599 1054 829 1136 compositione
846 1052 1077 1116 concludamus
1090 1057 1252 1117 auctorem
1266 1055 1378 1118 nescio
1392 1074 1489 1137 quem

356 1165 467 1223 contra
486 1157 663 1222 Luciannm
688 1157 834 1220 libellum
856 1156 982 1219 mittere
1001 1156 1149 1219 voluisse.
1185 1155 1299 1238 Neque
1319 1159 1406 1220 enim
1426 1157 1489 1221 Lu-

356 1263 483 1325 cianum
500 1261 617 1324 amoris
632 1259 764 1344 pnerihs
781 1278 909 1322 causam
926 1258 1046 1322 dixisse
1061 1258 1186 1341 fingere
1202 1259 1264 1321 sibi
1275 1261 1382 1342 potuit
1394 1262 1488 1324 homo

356 1365 506 1446 antiquus
525 1383 632 1446 neque
651 1365 823 1446 qnisquam
841 1366 959 1425 statuat
978 1361 1095 1444 dialogi
1110 1361 1266 1425 Lucianei
1285 1362 1386 1426 finem
1406 1365 1488 1428 male

355 1468 553 1531 intellectam
585 1486 656 1530 esse
688 1487 707 1530 a
738 1469 856 1547 nostro,
886 1465 1006 1548 quippe
1034 1465 1090 1546 qui
1121 1464 1208 1528 illius
1240 1467 1488 1548 argumentandi

354 1571 477 1634 ratione
504 1570 573 1652 ipse
601 1575 717 1632 utatur.
754 1567 938 1632 Consulto
966 1568 1086 1650 igitur
1115 1566 1282 1630 Luciano
1308 1569 1487 1632 ‘amores'

356 1673 501 1736 subditi
529 1678 630 1754 sunt,
659 1673 728 1735 sive
756 1672 783 1735 is
811 1671 968 1755 promisso
996 1690 1058 1733 non
1090 1670 1175 1734 stetit
1204 1670 1272 1735 sive
1295 1672 1392 1753 paulo
1416 1677 1488 1755 post

356 1778 425 1840 eius
449 1781 583 1840 mortem
606 1775 733 1839 libellus
756 1776 790 1837 in
814 1774 1008 1838 oblivionem
1032 1773 1189 1837 adductus
1212 1775 1315 1856 periit.

580 1956 609 2035 0)
633 1954 767 2030 Quando
790 1953 859 2017 fere
882 1953 981 2016 fuerit
1004 1953 1120 2035 dialogi
1144 1956 1262 2017 auctor.

446 2080 538 2157 Quod
554 2085 665 2144 auctor
682 2079 826 2144 Luciano
843 2078 987 2142 subdidit
1001 2079 1154 2161 libellum,
1173 2080 1269 2143 huius
1288 2080 1416 2143 consilli
1435 2100 1486 2145 oc-

355 2185 516 2247 casionem
539 2182 699 2265 quandam
718 2183 749 2246 ei
765 2181 868 2245 datam
889 2200 958 2245 esse
978 2183 1046 2246 veri
1066 2182 1169 2246 simile
1188 2202 1282 2247 nemo
1298 2202 1365 2245 non
1381 2182 1484 2247 ducet

356 2285 448 2362 Quod
458 2286 485 2348 si
497 2285 708 2368 respeximus,
719 2285 884 2350 saeculum
895 2286 1045 2367 quintum
1056 2286 1108 2349 vel
1121 2305 1203 2367 quae
1215 2289 1370 2350 secuntur
1382 2306 1484 2368 nsque

355 2388 395 2451 ad
422 2389 585 2452 saeculum
615 2393 763 2452 octavum
788 2391 827 2472 (p.
844 2391 899 2469 49)
927 2390 961 2450 111
985 2408 1116 2453 censum
1145 2408 1208 2451 non
1233 2389 1378 2452 veniunt.
1417 2390 1484 2453 Iam

355 2492 395 2554 ad
425 2511 476 2556 res
504 2491 644 2555 Rhodias
674 2485 881 2556 revertamur.
917 2493 1025 2574 Atque
1054 2492 1192 2555 insulam
1219 2513 1303 2556 anno
1331 2493 1400 2557 fere
1428 2493 1484 2555 du-

355 2595 529 2658 centesimo
549 2595 767 2677 maximopere
785 2594 934 2658 floruisse
944 2596 965 2675 ¹)
980 2594 1204 2676 Xenophontis
1220 2594 1399 2677 Ephesiaca
1417 2614 1483 2659 sae·

353 2697 426 2779 pins
449 2701 621 2776 testantem
647 2697 777 2761 demum
800 2700 876 2760 anni
900 2700 964 2761 385
989 2698 1129 2761 occurrit
1151 2698 1243 2761 nobis
1266 2697 1397 2779 locusu,
1421 2717 1483 2780 quo

352 2799 492 2862 insulam
507 2800 644 2862 multum
661 2801 765 2864 valere
782 2801 917 2863 iamdiu
934 2801 1066 2864 desiisse
1083 2800 1286 2882 intellegitur.
1312 2800 1427 2882 ltaque
1444 2799 1483 2864 ad

353 2903 517 2965 saeculum
528 2908 677 2984 quartum
691 2904 796 2967 iniens
804 2903 990 2968 reducimur
997 2905 1029 2980 ³).
1046 2903 1211 2966 Postremo
1221 2903 1253 2964 in
1265 2902 1483 2986 componenda

353 3004 407 3068 illa
435 3005 564 3083 ἐρώτων
589 3009 735 3084 conspice
758 3007 917 3070 Achillem
940 3006 1065 3069 Tatium
1094 3006 1138 3087 (H
1157 3007 1211 3088 35)
1238 3011 1348 3069 nostro
1376 3006 1482 3070 libello

353 3127 447 3171 usum
480 3128 549 3172 esse
580 3110 734 3174 adversus
765 3110 947 3191 Rohdeum‚
979 3110 1099 3193 griech.
1124 3109 1214 3173 Rom.
1231 3113 1243 3150 ²
1263 3110 1342 3190 512,
1366 3135 1380 3172 4
1405 3109 1481 3172 mihi

446 3269 465 3335 ¹)
485 3270 575 3337 Quam
594 3268 733 3323 rhetorice
758 3268 908 3337 [Aristidis]
931 3263 1080 3322 ιΡοδιακόε
1104 3269 1275 3337 compositus
1300 3268 1353 3335 sit,
1384 3273 1482 3338 postea

353 3352 419 3406 novi
439 3368 503 3406 cum
521 3354 584 3406 loeo
603 3352 651 3406 illo
674 3352 770 3421 (1180,
791 3353 824 3405 19
835 3370 875 3421 sq.
895 3352 928 3421 K)
946 3353 1024 3406 hisce
1043 3353 1237 3421 Xenophontis
1256 3354 1350 3408 verbis
1371 3370 1482 3422 compa-

353 3437 423 3491 retis
441 3437 473 3506 (V
487 3437 519 3491 11
539 3455 564 3506 p.
576 3439 637 3505 220,
656 3440 690 3492 27
704 3455 744 3507 sq.
758 3439 894 3507 Hirsehig‚
907 3440 981 3493 Erot.
993 3438 1051 3492 Ser.
1064 3437 1132 3507 Gr.):
1145 3433 1184 3490 Ὠ
1198 3439 1234 3490 τὰ
1246 3440 1365 3492 πάντων
1379 3440 1482 3504 ἔφηεεν

354 3523 520 3589 ἀνθρώπων
540 3523 658 3589 ἐφορῶν
677 3524 744 3590 ἥλιε,
767 3521 857 3590 μόνην
877 3525 926 3589 ἐμὲ
944 3526 997 3591 τὴν
1016 3525 1136 3587 δυετυχῆ
1156 3521 1483 3589 caperem-aporema

356 3608 406 3668 μὲν
426 3608 455 3660 ἐν
475 3605 577 3660 Ῥόδωι
590 3609 729 3675 γενομένη
745 3609 863 3674 εὐτυχής
875 3609 907 3660 τέ
921 3624 949 3661 (ε
967 3608 1161 3674 προεεκὺνουν
1174 3610 1230 3660 κτλ.
1250 3608 1483 3663 Philostratorum

354 3710 463 3763 quoque
488 3699 582 3750 aetate
606 3695 716 3749 videtur
738 3696 768 3749 in
792 3696 859 3749 llore
878 3694 966 3748 fuisse
985 3695 1100 3747 Rhodus
1123 3694 1189 3762 (van
1209 3693 1317 3760 Gelder,
1338 3694 1436 3748 Gesch.
1456 3693 1481 3747 d.

354 3782 430 3835 alten
448 3781 537 3835 Rhod.
559 3781 635 3849 177);
654 3781 775 3835 sortasse
789 3781 874 3835 etiam
889 3781 1017 3834 Philostr.
1031 3781 1113 3849 imag.
1134 3779 1212 3850 1127,
1226 3781 1243 3833 2
1263 3780 1398 3834 adhihere
1410 3780 1481 3845 licet,

354 3865 465 3919 etiamsi
484 3865 581 3918 imbris
601 3865 679 3919 aurei
698 3866 835 3920 memoria
853 3866 883 3921 in
901 3867 958 3920 vim
977 3865 1182 3935 proverbialem
1200 3865 1270 3920 abiit
1287 3866 1328 3935 (ut
1345 3883 1371 3918 v.
1382 3865 1482 3918 Himer.

354 3950 557 4018 001ΧΗ13Ι).

445 4036 466 4104 ²)
486 4034 552 4089 Cod.
562 4037 627 4089 lust.
641 4036 707 4103 140,
723 4038 753 4102 6;
767 4037 873 4105 nescio,
892 4054 942 4091 cur
955 4037 1029 4106 apud
1044 4035 1190 4090 Geldcrum
1204 4036 1221 4088 l.
1232 4036 1250 4088 l.
1265 4036 1374 4104 legatur
1386 4034 1481 4098 ffi3so.

444 4120 465 4188 ³)
483 4120 541 4173 Hoc
565 4125 760 4188 argumentum
782 4123 858 4176 haud
881 4123 921 4177 ita
943 4138 1076 4190 magnum
1100 4137 1163 4174 esse
1189 4121 1322 4175 concedo.
1353 4122 1482 4189 Ignorare

354 4205 429 4259 enirn
442 4220 495 4257 nos
508 4204 565 4257 iam
579 4205 612 4256 de
626 4205 710 4258 rebus
723 4207 815 4276 Lyciis
829 4224 914 4276 agens
930 4208 996 4274 dixi,
1009 4223 1077 4260 num
1089 4207 1143 4260 hac
1157 4222 1267 4274 quoque
1280 4205 1310 4259 in
1323 4222 1353 4259 rc
1367 4202 1481 4259 Luciani

353 4293 476 4343 aetatem
486 4289 532 4341 ille
542 4288 818 4358 resmgerevoluerit3
832 4293 882 4345 sed
891 4295 922 4345 ut
931 4291 1059 4358 voluerit,
1070 4307 1092 4344 e.
1102 4307 1125 4359 g.
1135 4290 1248 4344 saeculo
1261 4294 1343 4343 sexto
1356 4289 1482 4343 Rhodum

353 4375 431 4443 prius
444 4373 573 4426 floruisse
592 4373 703 4428 facilius
723 4376 795 4430 seire
812 4377 910 4445 potuit,
930 4379 961 4430 ut
980 4393 1051 4446 quae
1071 4375 1164 4428 insula
1182 4390 1240 4428 non
1253 4375 1387 4429 remotior
1400 4376 1480 4430 esset.
