3228 5268
285 484 332 537 De
354 479 483 548 Gregorii
501 478 674 534 Nazianzcni
692 477 866 533 orationihus
885 479 1058 535 funebribus.
1206 477 1251 540 49

107 655 179 719 anni
204 658 245 720 37
251 658 272 719 3
300 653 520 737 aegrotaverit
541 651 741 734 patriamque
765 650 949 733 relinquere
976 670 1042 715 non
1063 655 1208 736 potuerit
1219 657 1250 738 ¹),

106 758 184 820 nihil
207 756 429 838 relinquitur,
457 771 551 836 quam
576 756 618 814 ut
639 755 795 816 mortem
820 751 996 838 Gregorii
1018 757 1138 839 patris
1167 777 1251 822 ora·

15 859 17 866 '
107 863 336 943 tionemque
358 860 524 922 nostram
548 858 588 920 in
606 856 720 921 initio
740 859 830 920 anni
849 860 924 923 374
943 880 1135 943 ponamus
1163 861 1250 939 Quo-

108 985 181 1032 cum
198 967 348 1030 termino
369 964 487 1026 mirum
507 963 541 1026 in
559 963 693 1026 modum
711 959 900 1046 Menologia,
919 981 1115 1046 quamquam
1133 965 1248 1030 horum

108 1071 294 1134 testimonio
323 1087 395 1130 non
420 1067 519 1130 nimia
546 1068 595 1130 vis
622 1065 825 1129 attribuenda
852 1069 909 1148 est,
938 1067 1150 1150 consentiunt
1179 1071 1249 1150 qni·

107 1174 167 1238 bos
200 1173 350 1237 traditur
377 1169 565 1254 Gregorium
591 1174 713 1254 patrem
741 1169 896 1234 Kalendis
924 1174 1083 1240 Ianuariis
1113 1179 1249 1239 mortem

109 1276 258 1359 obissa2).

196 1379 240 1443 nt
258 1377 422 1461 quoniam
437 1395 557 1440 annum
579 1379 691 1442 mortis
715 1382 747 1442 et
767 1381 920 1446 orationis
941 1381 1160 1467 delinivimus,
1176 1403 1249 1468 per·

109 1489 293 1547 scrutemur
319 1479 466 1562 eandem,
491 1499 587 1562 quam
610 1480 704 1544 modo
727 1481 762 1544 in
778 1481 957 1566 Gergouiae
979 1485 1163 1551 laudatione
1184 1488 1249 1551 dis-

109 1587 304 1668 putavimus
331 1584 562 1666 quaestionem,
587 1603 652 1666 qua
670 1586 837 1649 occasione
860 1585 941 1652 haee
963 1590 1064 1652 oratio
1090 1590 1175 1653 dicta
1197 1592 1247 1654 sit

199 1695 313 1772 Atque
346 1688 484 1770 primum
516 1687 647 1769 quidem
675 1689 774 1751 oratio
803 1695 928 1755 constat
951 1709 969 1755 e
991 1691 1087 1756 laude
1117 1699 1149 1758 et
1172 1711 1249 1758 con-

105 1795 273 1876 solatione,
298 1793 350 1854 ita
373 1794 410 1852 ut
432 1807 500 1853 eam
524 1789 619 1873 paulo
642 1794 873 1872 postmortem
896 1793 1034 1857 habitam
1055 1813 1127 1860 esse
1150 1797 1248 1862 facile

102 1896 311 1979 colligemus,
345 1892 471 1957 Deinde
488 1912 505 1956 e
521 1893 669 1975 Gregorii
683 1894 784 1976 ipsius
802 1895 911 1959 verbis
935 1897 1159 1962 concludimus
1175 1917 1245 1963 eam

107 2001 145 2064 ad
168 2000 365 2084 sepulcrum
393 1996 497 2080 ipsum
522 1997 641 2061 dictam
664 2015 741 2064 esse.
776 1997 825 2063 Ita
849 2003 935 2065 enim
963 2005 1070 2065 orator
1096 2005 1157 2086 (cp.
1173 2005 1245 2084 40):

111 2103 197 2183 ‘rope
223 2107 294 2167 rate
327 2099 437 2164 adroic
463 2101 548 2167 δέξαι
576 2104 703 2178 εκηναῑε
725 2103 744 2180 ἣ
769 2107 868 2181 μηδὲν
895 2104 938 2168 ἔτι
960 2105 980 2182 ἢ
1005 2106 1097 2184 μικρὰ
1118 2111 1165 2188 τῷ
1189 2107 1246 2189 βίῳ

112 2209 212 2291 τούτῳ
241 2204 528 2280 κακοπαθήςαντα·
559 2205 608 2266 καὶ
637 2205 701 2282 πρὸ
729 2210 795 2268 τῶν
824 2211 947 2285 εκηνῶν
969 2212 1014 2290 τῷ
1041 2209 1146 2283 γλυκέι
1167 2209 1247 2292 λίθῳ

12 2327 13 2330 ’
112 2309 222 2393 τούτῳ,
251 2310 290 2373 ὃν
316 2307 667 2387 ripaemezanae,
696 2311 794 2386 τιμῶν
817 2308 978 2373 κάνταῦθα
999 2310 1057 2373 τὸν
1082 2311 1136 2375 (ὸν
1159 2310 1246 2389 ἱερὸν

114 2415 163 2476 καὶ
186 2411 383 2492 ὁμώνυνον’.
410 2410 490 2472 Tum
517 2410 692 2474 orationem
714 2416 809 2475 vocat
832 2429 880 2494 cp.
895 2413 956 2476 40:
987 2412 1059 2477 ἐἴτε
1081 2431 1246 2493 προπεμ-

113 2516 271 2595 πτήριον
296 2513 359 2578 εἴτε
374 2513 540 2592 ἐπιτάφιον
557 2516 676 2577 τοῦτον
693 2513 844 2579 ἔπαινον’.
867 2515 1131 2597 Προπεμτιτήριοε
1147 2517 1245 2592 λόγος

115 2622 220 2682 autem
248 2635 354 2701 genus
384 2615 549 2698 proprium
578 2614 800 2679 laudationum
823 2619 879 2698 est
911 2636 975 2699 quo
1005 2623 1109 2682 orator
1132 2617 1246 2683 amicis

115 2718 355 2785 discedentibus
371 2717 442 2782 vale
459 2718 545 2782 dicit.
569 2718 675 2782 Etiam
691 2738 709 2783 e
724 2719 841 2802 verbis,
865 2739 947 2803 quae
962 2721 1099 2805 legimus
1116 2739 1164 2806 cp.
1182 2723 1243 2786 41:

115 2823 392 2901 ‘copodocopqcar
410 2822 449 2884 τὰ
467 2820 633 2898 ἑπικήὸεια
650 2821 739 2887 effici
759 2823 838 2886 mihi
860 2821 989 2887 videtur
1012 2824 1186 2888 orationem
1202 2824 1243 2888 ad

113 2924 209 2988 funus
232 2923 407 3009 pertinere.
439 2922 571 2988 Servius
595 2924 737 2988 enimin
762 2944 874 2989 comm.
898 2927 933 2989 in
956 2925 1077 3010 Vergil.
1098 2927 1189 3010 eclog
1213 2929 1243 3010 5,

117 3030 156 3091 14
179 3029 330 3112 exponit:
363 3026 543 3109 ‘epicedion
571 3031 628 3110 est,
661 3028 748 3110 quod
770 3028 889 3092 dicitur
918 3029 1074 3094 cadavere
1097 3030 1242 3094 nondum

115 3149 128 3194 s
169 3132 291 3195 ulto'³.

131 3150 168 3215 ep
201 3133 310 3298 Orat)io
341 3233 442 3312 igitur
471 3232 504 3294 in
529 3231 719 3315 Gregorium
748 3236 871 3316 patrem
894 3239 943 3299 est
965 3235 1066 3298 oratio
1088 3233 1242 3316 funebris,

115 3357 194 3419 quae
216 3338 312 3400 initio
336 3335 415 3398 armi
438 3335 503 3399 374
525 3335 567 3399 'ad
590 3337 776 3420 sepulcrum
798 3337 851 3402 vel
874 3337 927 3402 die
949 3338 1072 3400 funeris
1095 3339 1165 3420 ipso
1189 3335 1244 3400 vel

113 3441 223 3522 paucis
247 3437 362 3502 diebus
386 3443 458 3520 post
481 3436 588 3500 habita
611 3444 666 3502 est.

113 3559 327 3571 -..-——-—-·

203 3614 222 3684 ¹)
240 3611 356 3680 Locis
383 3612 402 3666 l.
422 3625 446 3664 c.
472 3627 515 3679 pg.
533 3611 582 3665 31:
614 3611 706 3667 ‘Diese
725 3612 886 3682 Krankheit,
909 3612 954 3667 die
978 3612 1053 3666 noch
1078 3611 1117 3666 im
1139 3611 1242 3667 Herbst

112 3693 162 3766 (ep.
173 3697 236 3767 139)
259 3697 319 3752 und
342 3695 381 3750 im
401 3695 511 3764 Anfang
534 3696 584 3750 des
596 3695 719 3752 Winters
738 3697 791 3752 373
812 3697 942 3768 (ep.156)
967 3697 1123 3752 andauerte
1146 3693 1240 3762 usw.’;

113 3784 174 3839 vide
192 3786 277 3838 notas
295 3798 339 3851 pg.
351 3781 394 3835 31.

201 3871 224 3941 'l
243 3869 397 3937 clinico,
417 3867 729 3936 Fast.Rcman.1483;
749 3865 1062 3932 Tillemontlll3963
1081 3865 1242 3920 Ullmann

114 3955 130 4008 l.
149 3972 172 4011 c.
191 3957 251 4010 126.
282 3955 367 4009 Anno
385 3951 443 4006 375
459 3952 685 4020 Amphilochium
708 3953 871 4024 episcopum
893 3953 951 4010 iam
974 3953 1062 4006 fuisse
1085 3952 1202 4019 apparet
1224 3964 1242 4002 e

114 4043 275 4100 Theodorei.
289 4043 324 4098 IV
337 4043 388 4111 30,
416 4040 463 4108 qu·
482 4041 520 4096 ad
536 4040 612 4096 hunc
631 4057 739 4097 annum
755 4040 855 4095 tradit:
880 4042 911 4094 ἐν
930 4039 1091 4095 ἐπιεκόποιε
1111 4038 1158 4090 δὲ.
1171 4075 1176 4088 .
1188 4075 1194 4088 .
1208 4035 1239 4088 ἐν

115 4130 376 4200 ΠιειδίᾳὌπτιμοε
384 4126 430 4181 καὶ
439 4123 625 4192 Ἀμφιλόχιοε
635 4129 665 4182 ἐν
676 4126 824 4196 Λυκαονὶᾳ.
845 4125 885 4179 Cf.
900 4125 1051 4191 Clinton,
1064 4124 1082 4176 l.
1093 4139 1116 4176 c.
1126 4118 1237 4189 pglssv.

199 4216 222 4287 ⁸)
240 4215 280 4272 De
305 4211 442 4285 epicediis
463 4211 529 4266 vide
552 4211 712 4282 Schantz,
735 4211 775 4267 De
797 4209 898 4265 incerti
922 4213 1021 4280 poetae
1045 4202 1240 4260 consolatione

116 4299 148 4355 ad
159 4301 267 4358 Liviam
281 4300 373 4371 deque
392 4296 550 4353 carminum
563 4297 815 4353 consolatoriorum
828 4295 902 4363 apud
915 4295 1037 4350 Graecos
1054 4294 1082 4344 et
1093 4289 1242 4343 Romanoa

116 4384 225 4442 historia
244 4387 333 4456 Marp.
349 4383 429 4450 1889,
449 4397 491 4451 pg.
503 4379 539 4435 16
557 4385 584 4437 et
602 4381 724 4450 Bauer,
743 4381 760 4435 l.
776 4397 799 4435 c.
818 4380 915 4450 pg.15.

163 4510 213 4566 xn,
226 4512 245 4557 1.
1112 4480 1131 4535 4
