3228 5268
353 503 396 564 38
789 507 899 560 Xaver
917 507 1038 574 Hitrth,

351 679 507 743 Parentes
523 698 607 761 voro,
623 679 729 762 pergit
740 685 852 760 orator,
869 697 904 743 se
916 699 982 742 non
995 697 1032 742 ea
1044 678 1084 743 de
1096 696 1192 742 eausa
1203 696 1484 760 commemorasse,

350 786 389 844 ut
413 799 467 845 eos
490 781 634 844 laudaret
656 819 699 826 —
723 779 756 843 id
783 781 870 863 quod
896 782 1061 844 neminem
1084 781 1179 864 digne
1207 784 1346 862 apteque
1375 780 1484 845 facere

350 902 445 968 posse
464 921 516 967 -,
535 884 592 949 sed
615 889 652 947 ut
669 884 901 948 demonstraret
916 884 1031 947 mirum
1047 883 1194 947 futurum
1212 882 1324 964 fuisso,
1350 884 1379 947 si
1402 884 1483 947 haec

350 989 520 1069 parentum
543 987 691 1072 exempla
712 993 843 1052 secutus
866 1007 931 1051 non
955 993 1040 1051 esset
1062 987 1238 1051 Caesarius.

440 1089 613 1172 Postquam
637 1091 793 1166 εὐγένειαν
816 1090 966 1154 tractavit
986 1090 1037 1172 (τὰ
1059 1092 1116 1168 μέν
1136 1091 1175 1166 δὴ
1194 1093 1306 1168 πρῶτα
1329 1090 1481 1172 τοιαῦτα),

351 1193 468 1255 oratori
498 1191 538 1254 ad
561 1192 699 1256 alterum
721 1193 832 1274 τόπον,
855 1211 971 1276 nempe
995 1191 1244 1275 descriptionem
1266 1193 1406 1256 κάλλουε
1430 1193 1480 1256 vel

350 1294 484 1376 φύεεωε,
504 1295 735 1360 transeundum
754 1298 829 1359 erat.
864 1294 977 1378 Neque
995 1315 1072 1359 vero
1096 1295 1178 1358 hanc
1195 1298 1321 1376 partem
1341 1294 1481 1378 copiosis

349 1398 457 1461 verbis
473 1399 619 1481 exponit3
633 1399 709 1461 satis
717 1398 814 1462 habet
825 1399 938 1481 paneis
950 1398 1038 1461 hunc
1048 1396 1377 1479 rduovperstringere
1385 1397 1479 1460 simul

350 1518 467 1564 cavens
479 1519 520 1563 ne
533 1505 713 1564 ceterarum
731 1500 950 1565 laudationum
963 1520 1057 1564 usum
1068 1500 1121 1563 vel
1131 1500 1295 1563 rhetorum
1308 1505 1480 1584 praecepta

349 1603 497 1684 ignorare
513 1602 676 1681 videatur3
693 1605 753 1687 (cp.
771 1605 818 1680 dl:
836 1602 906 1668 “ivo
921 1603 1011 1666 δὲτὰ
1027 1603 1061 1665 ἐν
1078 1603 1160 1686 μέειμ
1181 1601 1321 1678 ευντέμω
1343 1601 1480 1668 κάλλος

350 1706 399 1767 καὶ
423 1705 581 1782 μέγεθοτ
604 1708 654 1768 καὶ
675 1707 732 1782 τὴν
757 1704 791 1770 ἐν
814 1710 885 1769 ποίει
908 1708 975 1769 τοῦ
1000 1705 1139 1784 ἀνδρὸς
1163 1703 1271 1782 χάριν
1300 1706 1350 1767 καὶ
1374 1705 1479 1784 ὥοπερ

350 1807 384 1870 ἐν
408 1806 563 1886 φθόγγοι(
590 1807 841 1887 εὐαρμοττίαν
869 1807 927 1889 (ὅτι
955 1810 1034 1887 μηδὲ
1061 1808 1142 1886 πρὸ(
1169 1808 1259 1885 ἡμῶν
1286 1808 1478 1871 τὰτοιαῦτα

350 1908 518 1986 θαυμάζειν
537 1909 563 1973 εἰ
578 1912 628 1972 καὶ
650 1914 714 1974 τοῑε
731 1909 834 1974 ἄλλοι(
853 1909 893 1974 οὐ
910 1911 1002 1988 μικρὰ
1020 1910 1182 1991 φαίνεται),
1205 1910 1286 1988 πρὸε
1304 1911 1343 1973 τὰ
1364 1911 1479 1989 ἐφεξῆς

349 2015 515 2091 βαδιοῦμαι
526 2016 585 2076 τοῦ
601 2013 700 2088 λόγου
717 2015 765 2076 καὶ
785 2013 805 2075 d
821 2015 900 2091 μηδὲ
913 2013 1096 2095 βουλομένῳ
1112 2015 1295 2089 παραλιπεῖν
1313 2011 1436 2093 ῥᾴδιον
1444 2013 1476 2094 ¹).

437 2115 595 2179 Παιδεία
618 2118 677 2198 (cp.
696 2117 809 2199 5-6):
834 2116 978 2179 Primum
999 2115 1085 2178 domi
1101 2114 1285 2179 Caesarium
1304 2115 1477 2180 educatum

348 2223 380 2282 et
404 2217 565 2281 eruditum
594 2236 677 2300 esse,
701 2223 769 2282 tum
799 2219 923 2284 scholas
946 2218 1182 2283 Alexandrinas
1211 2238 1286 2282 eum
1312 2221 1476 2301 petivisse,

347 2320 404 2384 ubi
424 2321 572 2385 omnibus
596 2326 628 2385 et
645 2324 855 2404 temperantia
877 2328 910 2386 et
933 2321 1093 2386 docilitate
1115 2321 1350 2403 praestitisset:
1369 2323 1477 2386 omnia

346 2423 524 2487 litterarum
533 2443 651 2506 genera
663 2444 701 2488 ea
715 2424 888 2506 diligentia
905 2443 969 2506 qua
984 2423 1039 2486 alii
1054 2443 1095 2488 ne
1110 2443 1212 2486 unum
1225 2423 1357 2505 quidem
1370 2425 1475 2489 colere

347 2525 494 2606 solerent
518 2544 590 2588 eum
611 2525 835 2607 excoluisse²)‚
859 2531 953 2608 atque
972 2525 1120 2607 inprimis
1139 2527 1361 2610 astronomiae,
1378 2530 1476 2592 arith·

347 2626 507 2709 metricae,
530 2626 708 2691 medicinae
732 2626 847 2690 studiis
869 2645 904 2690 se
928 2627 1063 2692 dedisse.

441 2835 460 2904 1)
478 2835 570 2888 Etiam
583 2835 613 2887 in
626 2835 728 2888 ceteris
741 2835 891 2903 epitaphiis
904 2835 1055 2903 Gregorius
1067 2834 1142 2888 hune
1155 2835 1248 2889 τόπον
1261 2839 1474 2906 praetermittit;

348 2920 381 2973 cf.
395 2923 465 2974 orat.
479 2921 509 2974 in
521 2920 690 2989 Gorgoniam
705 2922 785 2989 cp.3:
806 2918 918 2975 ‘'Alloc
933 2922 983 2986 μὲν
996 2921 1048 2973 οίιν
1066 2919 1216 2986 πατρίδα
1232 2924 1283 2988 τῆτ
1297 2919 1474 2990 ἀπελθοίιοηε

347 3003 497 3057 ἐπαινείτω
527 3004 571 3057 καὶ
598 3006 713 3072 γένοτ,
742 3005 872 3070 νόμον(
900 3003 1082 3069 ἐγκωμίων
1111 3004 1320 3070 αίδοίιμενοτ
1356 3008 1473 3062 πάντωε

347 3090 439 3145 δὀὐκ
458 3088 595 3158 ἀπορήτει
614 3095 731 3146 πολλῶν
750 3091 795 3145 καί
814 3095 909 3145 καλῶν
926 3091 1031 3160 λόγων,
1052 3091 1075 3144 εί
1094 3091 1225 3156 βούλοιτο
1239 3091 1348 3160 ταύτην
1361 3097 1473 3160 κοεμεῑν

347 3177 392 3231 καὶ
409 3180 469 3231 roi<
482 3179 589 3233 ἔξωθεν
603 3179 698 3243 ὥοπερ
720 3179 861 3245 μορφὴν
878 3176 995 3242 τιμίαν
1014 3176 1069 3230 καί
1089 3179 1193 3245 καλὴν
1212 3185 1307 3248 χρυτῷ
1324 3180 1369 3234 καὶ
1385 3182 1473 3235 λίθοι(

346 3261 391 3316 καί
413 3265 474 3315 roi(
499 3263 529 3315 ἐκ
550 3263 651 3328 τέχνη(
676 3263 721 3316 καὶ
742 3264 836 3329 χειρδε
858 3261 1030 3327 ὼραίεμαειν
1055 3261 1123 3314 κτλ.’
1146 3265 1174 3315 et
1200 3267 1270 3316 orat.
1290 3263 1320 3318 in
1339 3263 1420 3335 Greg.
1440 3268 1472 3320 5:

346 3348 406 3401 ‘lvo
429 3346 552 3413 πατρίδα
576 3348 621 3402 καί
639 3350 722 3413 γένοε
745 3348 790 3402 καί
813 3349 943 3413 εώματο(
968 3345 1097 3414 εὐφυίαν,
1122 3345 1167 3398 καί
1186 3347 1239 3413 τήν
1263 3348 1371 3402 ἔξωθεν
1394 3367 1473 3416 περι·

348 3433 468 3498 φάνειαν
482 3474 487 3486 .
503 3475 508 3487 ,
524 3472 529 3484 .
546 3435 606 3486 τοῖς
629 3438 689 3486 τῶν
714 3432 864 3498 ἐγκωμίων
887 3433 987 3499 νόμοι(
1010 3429 1109 3496 παρείτ
1128 3430 1159 3482 ἐκ
1175 3435 1236 3484 τῶν
1255 3433 1386 3498 πρώτων
1405 3435 1473 3500 ἡμῖν

346 3517 390 3570 καὶ
410 3516 593 3571 οἰκειοτάτων
613 3519 759 3583 άμξωμαΰ,
779 3523 807 3572 et
826 3522 896 3572 orat.
915 3518 946 3571 in
964 3517 1050 3571 Basil.
1070 3515 1172 3583 ep.10:
1193 3515 1357 3572 “Κάλλουτ
1372 3521 1469 3586 μὲνδὴ

346 3601 390 3654 καί
405 3602 451 3666 oo
460 3617 522 3668 μη(
535 3602 580 3655 καὶ
595 3603 770 3672 μεγέθουτ,
784 3602 827 3655 οἷ(
839 3603 908 3656 τοδε
920 3602 1044 3655 πολλου(
1054 3602 1116 3667 δρῶ
1126 3601 1286 3670 χαίρονταε,
1299 3607 1360 3658 τοί(
1372 3608 1471 3670 βουλο-

348 3687 443 3752 μένοι(
455 3688 720 3754 παραχωρήεομεν·
735 3684 787 3751 οὐχ
800 3689 844 3740 ὅτι
857 3682 908 3739 κάν
921 3685 1035 3739 τοίιτοι(
1048 3685 1165 3738 ἔλαττόν
1174 3702 1252 3739 τινα(
1261 3686 1402 3752 ἠνέγκατο
1411 3695 1473 3742 των

348 3771 530 3836 μικρολόγων
543 3771 588 3824 καί
601 3771 666 3837 περὶ
678 3773 712 3825 τὸ
726 3775 807 3836 (ωμα
819 3769 1058 3840 καλινδουμένων,
1079 3773 1134 3825 ἕω(
1148 3772 1185 3838 ἦν
1198 3773 1238 3826 ἐτι
1250 3773 1316 3826 νέα(
1328 3775 1374 3828 καί
1388 3777 1469 3828 οίίπω

346 3854 503 3924 φιλοτοφίᾳ
514 3860 575 3908 τῶν
588 3861 700 3922 εαρκῶν
713 3858 925 3924 κατεκράτηεεν,
945 3857 1003 3910 ἀλλ’
1017 3856 1064 3910 lvo
1076 3860 1143 3912 κτλ.’
1161 3859 1312 3928 Gregorius
1325 3861 1471 3930 Nyssenus

345 3943 440 3994 autem
464 3941 494 3994 in
519 3944 588 3994 orat.
612 3941 642 3994 in
665 3941 808 3995 Meletium
831 3942 893 3996 fuse
918 3942 1154 4010 pulchritudinem
1177 3944 1303 4012 eorporis
1325 3946 1470 4015 praedicat

345 4023 391 4093 (cl.
401 4025 494 4078 Bauer
506 4025 523 4078 l.
535 4041 558 4078 e.
571 4042 614 4094 pg.
624 4026 678 4094 47),
691 4027 766 4096 quod
779 4027 854 4081 idem
866 4027 918 4081 Dio
931 4027 1157 4097 chrysostomus,
1170 4027 1316 4098 Aristides,
1329 4031 1471 4086 Himerius

345 4109 472 4164 lecerunt
490 4113 695 4179 praeceptaque
715 4113 858 4166 rhetorum
876 4112 981 4167 iubent.

436 4195 457 4264 ’λ
475 4195 588 4248 Aristid.
607 4196 703 4249 XXXII
722 4196 752 4250 K.
771 4196 811 4265 (in
833 4197 995 4264 Alexandr.)
1013 4198 1042 4251 8:
1063 4198 1164 4251 ’πάντα
1182 4199 1250 4266 γὰρ,
1276 4201 1371 4267 ὥοπερ
1395 4202 1467 4266 λέγω

345 4278 496 4332 διεξελθὼν
514 4279 550 4330 τά
576 4279 727 4344 μαθήματα
750 4278 795 4332 καὶ
815 4278 900 4333 οὐδέν
922 4281 976 4334 ἐεθ’
991 4282 1035 4334 ὅτι
1055 4279 1107 4335 οὐκ
1125 4279 1323 4351 ἀκριβέετερον
1341 4291 1403 4339 τῶν
1422 4285 1469 4352 ἐφ’

345 4361 443 4428 ἐκάετῃ
464 4363 651 4428 ιταθημένων’Ι
