3240 5252
370 474 412 536 58
807 480 927 535 Petrus
947 481 1038 549 Rois,
1410 474 1496 560 [218]

369 660 403 716 ut
421 656 579 738 autiquas3
603 653 684 738 quod
701 656 772 718 item
788 653 825 716 de
841 651 1004 735 Africano,
1020 655 1058 718 de
1073 652 1188 736 Laelio,
1207 657 1297 718 cuius
1313 661 1349 718 tu
1364 657 1497 719 oratioue

368 776 461 841 nepus
480 754 552 838 fieri
574 757 736 840 quuqtram
754 775 842 840 posse
864 755 1000 833 dulcius3
1030 755 1077 820 De
1100 756 1154 818 ott.
1174 756 1193 820 1.
1214 755 1273 838 III,
1293 757 1374 819 109:
1400 757 1497 842 Atque

367 859 460 922 tentus
483 859 645 922 deditiones
662 861 726 942 ipse
744 857 927 938 Postumius,
951 860 1005 943 qui
1022 857 1197 939 dededotur,
1221 879 1331 922 suasor
1349 866 1379 922 et
1393 866 1498 924 auctor

367 963 439 1045 fuit.
473 961 561 1042 Quod
583 961 664 1025 Mem
687 961 718 1040 (i.
739 979 765 1023 e.
787 959 957 1024 deditionis
985 979 1062 1024 suae
1090 980 1202 1024 suasor
1230 967 1263 1026 et
1290 967 1405 1026 auctor
1427 963 1496 1046 tuit)

367 1065 472 1129 mattis
489 1066 582 1128 anuis
597 1070 664 1148 post
685 1061 719 1128 0.
736 1063 912 1128 Mancinus.
947 1062 1069 1127 Eodem
1093 1065 1179 1126 enim
1202 1069 1296 1146 paeto
1314 1064 1405 1129 hisee
1420 1066 1497 1129 locis

366 1167 505 1250 positum
530 1173 592 1230 est:
618 1166 698 1251 quod
720 1167 810 1248 idem
835 1185 897 1249 quo
921 1166 1065 1230 adhiberi
1088 1167 1169 1232 solet
1190 1169 1289 1254 idone,
1315 1174 1352 1232 ut
1370 1167 1420 1232 De
1444 1169 1495 1232 ort.

366 1269 518 1349 1.ss,os:
548 1268 649 1349 Quam
672 1269 794 1354 quidem
821 1276 893 1334 ante
919 1269 999 1334 haue
1025 1268 1233 1351 confusionem
1264 1277 1437 1355 temporum
1463 1275 1497 1335 in

362 1375 545 1456 possessione
562 1393 619 1436 sua
630 1373 788 1456 principes
806 1376 1003 1437 retinuerunt
1021 1373 1111 1454 (iuris
1127 1373 1251 1436 scilicet
1267 1374 1373 1437 civilis
1390 1375 1496 1456 cogni-

366 1477 486 1538 tionem
498 1477 593 1556 atque
604 1472 922 1558 interpretationem),
938 1496 1028 1556 nuuc,
1041 1482 1075 1538 ut
1086 1475 1220 1556 tonores,
1233 1483 1269 1540 ut
1280 1497 1384 1540 omues
1395 1478 1495 1563 diput-

366 1580 441 1642 tatr's
460 1578 587 1663 predas,
615 1580 657 1641 sic
681 1576 774 1642 tuias
800 1580 943 1642 nuntiae
965 1578 1108 1661 splendor
1130 1579 1243 1642 drutus
1270 1586 1321 1660 est,
1351 1580 1444 1665 totque
1465 1600 1496 1645 eo

366 1682 534 1766 iudiputus,
554 1681 634 1766 quod
652 1685 710 1744 ete.
731 1680 793 1744 Sed
814 1680 959 1744 conferas
978 1681 1074 1744 etiam
1089 1678 1138 1744 De
1157 1681 1212 1743 fin.
1228 1681 1247 1744 l.
1266 1681 1303 1762 V,
1321 1683 1381 1745 83:
1410 1683 1495 1747 Utin

363 1787 536 1870 peometrt'a,
555 1786 664 1868 prima
686 1787 714 1847 st
735 1784 864 1863 deduis,
887 1784 995 1848 danda
1017 1790 1089 1848 suut
1111 1788 1223 1848 omnio.
1261 1784 1396 1851 Concede
1419 1787 1496 1851 astu

365 1907 425 1952 esse
448 1887 566 1968 meum,
590 1888 653 1950 uisi
675 1886 756 1970 qnod
778 1886 934 1950 haustum
957 1889 1005 1966 stt,
1029 1887 1251 1952 eoncedendum
1274 1891 1366 1952 estin
1388 1893 1496 1953 otrtute

363 1992 494 2074 positam
510 1987 614 2067 (esse)
629 1991 723 2054 uitam
742 1988 866 2052 tecum.
897 1987 974 2052 Vide
994 2009 1105 2052 rursus
1119 1996 1209 2053 retro.
1241 1989 1326 2055 Dato
1346 1990 1401 2055 toa
1421 1993 1495 2055 dou-

365 2095 440 2158 dum
459 2100 501 2158 est
519 2093 606 2156 illud.
638 2092 726 2173 Quod
744 2094 857 2157 uestri
875 2114 936 2157 uon
955 2096 1034 2157 item.
1064 2092 1095 2155 N
1097 2113 1133 2157 ec
1152 2098 1259 2157 nmen
1278 2096 1494 2158 nominativus

365 2197 544 2276 antecessit
568 2195 622 2259 eui
646 2200 859 2277 opponeretur
880 2196 909 2258 is
933 2197 988 2278 qui
1012 2201 1074 2259 est:
1099 2200 1205 2275 vestm
1230 2197 1287 2261 sed
1312 2198 1426 2262 eadem
1444 2199 1495 2262 ille

365 2319 439 2363 cum
466 2298 613 2362 libertate
641 2299 765 2380 positus
794 2303 843 2362 est
870 2304 965 2381 atque
993 2300 1033 2380 is,
1062 2301 1119 2381 qui
1147 2320 1219 2364 cum
1251 2299 1494 2384 comparationis

363 2400 519 2484 particula
544 2407 578 2464 ut
605 2401 737 2465 iunctus
765 2405 870 2464 exstat
896 2403 932 2464 in
955 2401 1003 2465 De
1026 2403 1080 2466 oti.
1103 2403 1122 2464 l.
1143 2402 1167 2484 I,
1193 2404 1252 2466 21:
1285 2403 1368 2469 Sunt
1395 2413 1493 2469 auum

359 2507 487 2589 priuata
511 2503 598 2567 uutta
621 2510 746 2580 natura,
770 2505 823 2568 sed
845 2512 900 2569 aut
923 2512 1017 2570 uetere
1039 2509 1239 2590 occupatione,
1267 2513 1302 2571 ut
1326 2510 1381 2592 qui
1405 2529 1494 2593 quon-

364 2609 437 2672 dam
460 2610 496 2671 in
518 2627 614 2670 meua
636 2613 790 2688 uenerunt,
818 2614 874 2672 out
901 2610 1035 2690 euteria,
1063 2616 1098 2673 ut
1125 2613 1179 2694 put
1205 2610 1279 2674 betto
1300 2615 1394 2694 potiti
1415 2618 1492 2691 sunt,

364 2717 419 2773 aut
441 2710 511 2794 tepe,
528 2711 678 2793 pectione,
702 2711 883 2790 condicione,
906 2718 998 2789 sorte3
1020 2710 1070 2775 vel
1095 2711 1239 2775 eiusdem
1259 2713 1293 2774 in
1309 2712 1385 2776 libri
1403 2715 1421 2793 ᾗ
1438 2715 1491 2776 33:

365 2811 431 2890 Quo
453 2814 488 2874 r'u
509 2831 618 2896 penore
636 2811 715 2891 (scil.
732 2830 774 2874 ex
792 2813 949 2875 malitiosa
964 2814 1044 2875 iuris
1059 2814 1333 2897 interpretatione)
1353 2819 1446 2880 etiam
1460 2819 1492 2880 iu

364 2913 541 2997 republica
568 2914 666 2978 mutto
685 2922 865 2997 putamur,
893 2922 928 2979 ut
955 2915 1006 2980 au
1033 2916 1112 2994 (scil.
1133 2916 1302 2999 peccavit),
1331 2921 1399 3004 qui,
1428 2940 1493 2982 auu

363 3019 495 3110 triptota
517 3017 639 3081 dierum
662 3024 757 3081 essent
783 3039 852 3082 oum
875 3017 955 3082 toste
981 3019 1121 3083 indutiae
1148 3018 1257 3101 factae,
1286 3027 1377 3085 noctu
1396 3042 1493 3104 popu-

364 3120 488 3184 labatur
505 3140 603 3204 apros,
623 3121 703 3204 quod
721 3121 843 3185 durum
861 3128 956 3186 esseut
969 3127 1088 3205 pactae,
1112 3142 1173 3185 nou
1188 3124 1323 3186 noctium
1340 3124 1492 3200 indutiae3

364 3222 499 3304 aliisque
521 3222 601 3285 locis
623 3222 710 3285 haud
734 3224 778 3286 ita
800 3225 889 3286 raris

455 3324 612 3401 Quoniam
636 3326 742 3390 adhuc
765 3334 812 3408 ea,
835 3345 917 3408 qnae
941 3345 1006 3388 non
1030 3331 1117 3389 recte
1140 3326 1175 3387 in
1199 3325 1366 3388 hominurn
1392 3327 1492 3390 otien-

364 3430 488 3492 sionem
506 3429 722 3511 incurrebant,
741 3431 885 3511 tractavi,
908 3448 997 3492 nuno
1015 3449 1106 3512 agam
1131 3428 1171 3492 de
1188 3430 1237 3510 iis,
1262 3449 1345 3512 quae
1364 3450 1401 3494 re
1420 3451 1493 3494 vera

364 3533 555 3596 correcturis
571 3551 664 3614 egere
681 3533 840 3596 videntur.
865 3535 914 3596 Ac
930 3532 1066 3614 primurn
1084 3552 1141 3614 pro
1158 3531 1325 3613 adiectivo,
1344 3534 1430 3615 quod
1447 3538 1493 3597 est

363 3636 397 3696 in
420 3633 455 3714 L,
479 3635 540 3698 teni
562 3635 639 3697 satis
663 3639 751 3699 certa
773 3635 840 3699 fide
861 3635 1040 3699 emendatio
1064 3636 1118 3698 illa
1136 3637 1193 3701 teni
1216 3635 1365 3699 codicum
1386 3658 1410 3699 π
1428 3642 1491 3700 ete

363 3739 397 3799 in
410 3736 566 3800 editiones
577 3737 741 3819 recipitur.
760 3737 842 3802 Dein
855 3737 1017 3802 Friderico
1033 3737 1275 3802 acclamandum
1288 3758 1359 3804 esse
1373 3741 1490 3822 opinor,
1595 3745 1596 3815 t

364 3841 476 3921 quiin
500 3839 658 3922 Philologi
682 3841 742 3903 vol.
759 3842 812 3921 44,
829 3842 892 3903 669
918 3841 1065 3904 adiectivi
1091 3841 1177 3922 quod
1197 3845 1245 3904 est
1264 3846 1347 3907 aerii
1365 3843 1490 3906 litmam

364 3942 640 4006 commendaverit.
673 3941 755 4005 Nam
779 3943 818 4006 ab
843 3945 903 4006 hoc
925 3944 995 4006 loco
1014 3943 1246 4008 alienissimum
1265 3944 1346 4007 illud
1366 3949 1421 4009 est.
1452 3945 1491 4008 Et

363 4046 526 4128 proprium
550 4045 803 4127 translatumque
831 4049 987 4111 oarutate's
1015 4065 1143 4109 sensum
1170 4047 1282 4112 Cicero
1305 4049 1340 4110 in
1365 4048 1413 4112 De
1434 4049 1489 4111 fin.

363 4148 499 4228 l.II,10
524 4148 680 4230 explicuit
703 4148 752 4210 his
775 4150 897 4212 verbis:
928 4149 1070 4213 Varietas
1092 4153 1173 4214 enim
1192 4150 1347 4216 Latinum
1371 4152 1488 4216 uerbum

362 4257 412 4332 est,
436 4251 527 4334 idque
544 4254 674 4335 proprie
700 4252 821 4336 quidem
850 4255 884 4316 tn
912 4251 1087 4336 disparibus
1114 4251 1262 4316 rotardus
1288 4254 1412 4336 dieitur,
1440 4253 1489 4317 sed
1594 4337 1595 4346 ἵ

364 4352 556 4434 transfertur
570 4356 604 4417 iu
620 4355 718 4418 mutto
734 4355 890 4439 disparia:
912 4358 1033 4419 oarr'um
1044 4361 1161 4438 potura
1182 4358 1272 4420 ouria
1288 4360 1395 4438 oratio,
1412 4358 1489 4420 uarii
1594 4351 1595 4388 ³
