3240 5252
17 479 18 492 ἶ
135 481 222 566 [197]
573 488 671 544 Studia
690 489 827 544 Tulliana.
1220 485 1260 548 37

17 697 18 732 i
132 668 253 738 arder,
269 664 451 747 qaeiapossit
462 663 647 726 acelamare:
668 661 768 742 Quam
775 683 837 746 pro
848 661 946 726 nihilo
956 663 1050 746 pato!
1065 661 1263 726 Additurum

133 769 236 827 autem
260 763 419 828 Tullium:
444 763 578 845 ‘Stoicis
603 764 701 826 immo
721 763 944 847 Peripateticis
963 765 1067 846 etiam,
1092 783 1157 828 non
1176 765 1262 828 idem

132 865 307 930 dicendum
340 867 411 930 erit'
434 866 581 950 pluribus
607 865 649 930 ad
672 865 805 950 Epicuri
829 865 977 949 dogmata
1000 867 1192 950 exagitanda
1214 869 1263 930 in-

133 970 274 1032 teriectis
306 970 499 1034 senteutiam
529 987 593 1031 non
624 967 797 1032 absolvisse
827 969 909 1033 bene
938 969 1103 1033 adnotavit
1129 971 1181 1033 vir
1209 970 1264 1034 ille

132 1071 378 1135 illustrissimus.
403 1071 546 1135 Primum
564 1073 650 1135 enim
667 1071 778 1135 Cicero
796 1072 905 1136 dilatat
916 1072 1077 1151 ἐνθύμημα
1089 1075 1263 1157 inceptum,

17 1181 18 1202 ³
133 1193 205 1239 cuni
228 1176 408 1258 interponit
431 1173 525 1239 colon
553 1175 640 1256 quod
663 1177 728 1238 est:
757 1189 826 1240 oum
840 1179 1024 1260 praesertim
1042 1191 1129 1242 omae
1147 1177 1264 1241 maiam

132 1279 233 1344 dolore
261 1279 404 1362 definiat,
433 1279 543 1344 bonum
571 1279 732 1363 uoluptate,
761 1278 834 1342 baec
861 1285 967 1343 nostra
994 1279 1129 1360 honesta,
1158 1282 1265 1364 turpia

132 1383 266 1446 irrideat
290 1383 433 1467 dicatque
455 1401 510 1446 ros
531 1384 566 1446 in
584 1381 702 1446 occidas
719 1388 875 1466 occupatos
892 1384 1001 1446 inanes
1018 1401 1105 1447 sonos
1122 1382 1265 1464 suadere,

17 1513 18 1528 ¹
133 1505 227 1570 oeque
242 1488 408 1571 quicquam
423 1484 468 1548 ad
481 1503 535 1548 aas
545 1487 708 1568 petinere,
732 1479 794 1547 aiei
809 1484 890 1569 quod
904 1491 960 1548 aet
974 1485 1034 1550 aa
1048 1492 1104 1549 aut
1122 1505 1267 1570 asperam

133 1589 167 1650 ia
189 1607 317 1673 corpore
339 1589 499 1652 sentiatur.
531 1582 655 1651 Deinde
678 1587 799 1669 inserit,
824 1607 905 1669 quae
929 1607 1031 1671 oeque
1050 1594 1146 1670 atque
1164 1589 1268 1672 prime

133 1709 204 1771 pars
228 1689 459 1771 interrogando
483 1693 604 1752 structa
627 1695 717 1752 sunt:
747 1689 817 1754 baie
839 1711 938 1775 erqo.
960 1741 966 1754 .
988 1741 995 1754 .
1016 1687 1147 1756 oblivisci
1169 1691 1269 1756 licebit

134 1796 182 1856 sai
204 1799 233 1856 et
256 1800 325 1857 tum
348 1792 511 1874 fortunam
533 1799 731 1874 condmnere,
759 1813 828 1857 cam
848 1795 888 1857 sit
910 1813 996 1858 omae
1018 1801 1047 1858 et
1069 1794 1180 1859 bodam
1203 1797 1269 1859 eius

133 1902 162 1958 et
184 1897 304 1960 molam
327 1899 364 1959 ia
385 1902 528 1980 potestate
547 1895 701 1977 satanae,
724 1902 790 1960 tam
806 1896 905 1960 dicere
920 1917 950 1960 se
965 1897 1085 1960 beatam
1100 1899 1136 1960 in
1150 1917 1269 1961 summo

133 2002 275 2063 cruciata
300 2005 390 2084 atque
413 2001 578 2079 tormentis,
605 2020 674 2062 cam
697 2001 887 2063 constituerit
910 2020 972 2062 oon
999 2000 1088 2063 modo
1114 2019 1268 2064 summum

135 2103 250 2166 malum
270 2121 333 2165 esse
348 2101 489 2182 dolorem,
508 2102 561 2165 sed
578 2103 669 2166 diam
688 2101 808 2167 solum?
825 2101 905 2164 Tum
922 2103 1065 2165 annectit
1080 2101 1268 2183 membrum,

136 2204 220 2286 quod
248 2202 425 2285 respondet
452 2203 603 2285 secundo,
632 2203 777 2268 sednon
801 2203 907 2286 aliqua
931 2205 1158 2268 coniunctione
1181 2204 1269 2267 subi-

136 2307 239 2372 ciente
257 2307 434 2388 subiungit,
447 2306 543 2369 immo
558 2323 633 2370 vero
650 2307 828 2390 principali,
841 2325 937 2389 quam
954 2307 1099 2388 dicimus,
1111 2307 1270 2371 sententie

136 2411 255 2494 pergit:
285 2410 348 2475 Nec
376 2431 445 2474 cero
471 2409 527 2473 iiia
553 2409 611 2474 sibi
638 2409 776 2474 remedia
798 2413 985 2494 compararit
1011 2409 1054 2473 ad
1076 2410 1270 2474 tolerandum

134 2515 287 2593 dobrem,
320 2512 500 2596 firmitatem
534 2515 647 2594 adimi,
683 2511 889 2598 turpitudinis
922 2513 1151 2594 mrecuadiam,
1186 2534 1271 2577 eeter-

134 2620 313 2682 oitotionem
329 2616 790 2701 masaetadiuemqoepatdadi,
806 2615 956 2680 demtum
967 2617 989 2697 Ι)
999 2607 1127 2698 oiribm,
1143 2612 1195 2681 eod
1206 2635 1271 2680 aaa

135 2739 165 2785 se
180 2722 259 2786 dicit
276 2721 485 2784 recordatione
504 2721 695 2805 adquiescere
706 2721 949 2804 praeteritarum
966 2720 1167 2803 eoltrptotiam
1183 2769 1270 2783 .....

139 2823 208 2889 Non
235 2826 319 2888 euim
338 2823 430 2904 video,
454 2842 512 2908 quo
529 2824 618 2888 modo
635 2823 741 2888 sedare
755 2825 874 2906 possint
894 2823 977 2886 mala
993 2825 1167 2906 praeseutia
1178 2843 1272 2906 prae-

137 2931 248 2992 teritae
273 2927 445 3010 uoluptates.
473 2924 638 2989 Postremo
663 2923 827 2988 concludit
846 2923 958 2988 Cicero
982 2930 1083 2988 totum
1108 2923 1271 3007 ambitum,

139 3049 213 3093 cum
239 3029 391 3108 npdruciu
414 3028 530 3110 repetit
552 3027 703 3091 brevibus
723 3028 811 3092 hisce
828 3025 954 3092 verbis:
979 3028 1041 3094 Sed
1058 3049 1127 3092 cum
1145 3032 1173 3092 is
1190 3029 1272 3092 dicat

137 3153 259 3220 semper
281 3133 402 3197 beatam
429 3151 490 3196 esse
512 3135 685 3216 sapientem,
714 3135 765 3196 cdi
792 3133 891 3196 ddere
913 3130 975 3212 doc,
1002 3135 1030 3196 si
1057 3131 1115 3196 sibi
1136 3137 1273 3195 constare

138 3240 232 3319 cella,
256 3257 319 3300 noa
343 3236 444 3299 liceret
467 3239 563 3317 atquc
586 3243 664 3298 tunc
683 3234 813 3298 demum
831 3236 921 3317 ponit
939 3233 1101 3314 dndboov,
1126 3253 1208 3316 quae
1227 3239 1273 3298 tot

140 3340 295 3406 membris
315 3338 493 3402 interiectis
512 3337 574 3400 alia
593 3339 642 3402 cst
660 3342 756 3420 atque
774 3338 876 3420 primo
896 3335 998 3399 voluit
1015 3337 1158 3419 scriptor,
1175 3335 1271 3400 hanc:

137 3446 293 3532 quidnam
315 3441 496 3524 faciendum
518 3444 623 3521 estiis,
647 3444 701 3526 qai
715 3440 796 3504 aiiii
810 3431 1017 3524 adpetendum,
1041 3439 1121 3503 uidit
1139 3442 1174 3503 ia
1188 3438 1274 3504 donis

138 3549 326 3626 dumam,
343 3545 424 3630 quod
438 3544 590 3609 midde
604 3549 715 3623 careat,
730 3541 932 3608 existimem?
947 3541 1000 3606 Me
1015 3543 1137 3628 quidem
1152 3550 1274 3608 auctore

139 3656 234 3719 etiam
253 3650 455 3733 Peripatetici
469 3655 634 3733 ceterasque
652 3647 829 3711 Acadenici
846 3637 995 3710 balbutire
1013 3645 1181 3730 aliquando
1196 3647 1274 3710 deei-

140 3764 220 3822 aaut
242 3760 407 3840 aperteque
434 3752 570 3817 doloro
597 3771 662 3817 occe
688 3752 825 3816 cadara
847 3751 946 3815 dicere
973 3751 1090 3815 dmtam
1119 3753 1212 3814 atam
1240 3754 1275 3814 ia

144 3858 328 3926 Phalaridis
351 3862 479 3919 tauram
502 3855 723 3920 demonstrem.

231 3963 351 4044 Neque
375 3958 438 4021 alia
457 3958 646 4023 condicione
665 3961 714 4020 est
729 3955 808 4019 Phil.
825 3955 850 4038 I,
868 3957 908 4019 ld
925 3973 1003 4038 sqq,
1021 3972 1214 4038 quamquam
1229 3953 1275 4016 ibi

144 4065 358 4134 ἀνακολουθία
381 4062 502 4126 lenitur
525 4081 571 4144 eo,
600 4059 687 4143 quod
715 4057 877 4138 ἐνθύμημα
904 4060 1066 4143 integrum
1089 4060 1276 4138 iustumque

142 4171 313 4236 antecedit.
340 4166 452 4230 Cicero
465 4167 586 4230 servari
598 4164 668 4228 vult
680 4162 823 4226 Caesaris
836 4166 913 4244 acta,
926 4163 959 4224 in
972 4162 1084 4246 primis
1097 4161 1167 4225 eius
1179 4159 1277 4243 leges,

234 4316 254 4383 ¹)
275 4313 418 4376 Glossam‚
437 4324 509 4377 quae
522 4313 588 4364 ente
601 4307 736 4360 duritiam
754 4307 845 4358 exstat
862 4304 891 4357 in
906 4302 1061 4370 codicibus
1075 4302 1171 4358 omitto
1184 4298 1278 4355 illam:

137 4406 289 4470 praecepta
308 4396 489 4465 fortitudinis
508 4411 525 4450 a
544 4395 679 4464 Seyfferto
699 4390 848 4444 seclusam.
