3228 5268
361 491 404 554 58
801 497 909 550 Xaver
927 495 1046 564 Hiirth,

359 673 484 731 tanturn
507 667 648 748 tradere3
671 669 768 731 immo
793 686 875 748 eum,
904 686 968 749 qua
990 669 1058 731 erat
1080 666 1221 730 amicitia
1242 665 1491 748 reverentiaque

360 771 513 835 adversus
537 771 724 856 episcopum
749 768 932 849 Caesareae,
959 768 1016 831 ubi
1039 766 1178 832 Basilius
1205 770 1355 830 mortuus
1380 786 1418 830 ao
1442 786 1491 830 se-

359 873 468 957 pultus
492 875 567 954 erat,
591 873 661 936 eius
684 871 812 934 laudem
835 869 887 933 die
911 869 1087 934 memoriaii
1105 869 1232 953 publice
1251 869 1490 953 praedicavisse

359 977 439 1040 mihi
449 994 639 1060 persuasum
652 978 707 1038 est.
731 973 826 1036 Hanc
843 993 939 1054 quam
955 974 1024 1055 ipse
1042 973 1154 1037 habuit
1170 974 1359 1054 orationem,
1379 977 1490 1056 postea

359 1187 665 1242 cf.Arist.deanima1
677 1186 689 1237 1
701 1186 778 1241 toea
788 1185 836 1240 25:
852 1184 875 1239 εί
885 1186 917 1238 δέ
927 1185 1021 1238 οὕτως
1032 1186 1094 1252 ἔχει,
1105 1187 1194 1251 δῆλον
1205 1185 1249 1238 ότι
1261 1185 1298 1237 τὰ
1311 1186 1392 1251 πάθη
1407 1186 1486 1248 λόγοι

359 1271 454 1326 ένυλοί
473 1271 538 1326 είςιν
553 1313 558 1325 .
573 1313 578 1324 .
594 1313 600 1324 .
620 1271 820 1337 διαφερόντως
839 1270 864 1324 δ’
879 1271 913 1323 ίλν
933 1269 1075 1336 δρίςαιντο
1090 1269 1202 1336 φυςικοί
1215 1285 1246 1323 τε
1260 1269 1306 1323 καί
1320 1269 1487 1323 διαλεκτικοὶ

359 1359 475 1412 ἕκαςτον
494 1355 599 1425 αὐτῶν,
619 1355 682 1410 οἷον
702 1357 774 1422 ὀργή
795 1357 884 1410 έςτιν’
909 1358 925 1409 ὁ
947 1358 997 1421 μέν
1015 1357 1070 1422 γὰρ
1091 1355 1207 1419 ὄρεξιν
1227 1355 1488 1420 ἀντιλυπὴςεως

358 1446 376 1511 ἢ
395 1462 423 1498 τι
441 1449 583 1510 τοιοῦτον,
608 1445 623 1497 ό
644 1444 675 1498 δέ
693 1445 782 1498 ζέςιν
801 1444 863 1493 τού
884 1440 963 1506 περί
982 1438 1126 1507 καρδίαν
1145 1436 1292 1502 αίματος
1312 1436 1358 1490 καὶ
1378 1440 1486 1504 θερμοῦ

358 1530 426 1582 κτλ.’
452 1559 486 1568 -
509 1528 700 1596 EDiogene
719 1527 858 1581 Laertio
883 1541 948 1579 cum
971 1525 1043 1580 aliae
1070 1528 1130 1578 tum
1156 1523 1228 1578 haec
1253 1540 1366 1594 quoque
1390 1541 1487 1579 narra·

358 1615 485 1669 tiuncula
502 1615 604 1669 hausta
623 1629 686 1667 esse
705 1612 823 1678 videtur,
843 1626 916 1680 quae
929 1609 1028 1678 legitur
1041 1610 1071 1663 in
1087 1625 1171 1664 carm.
1185 1608 1220 1662 de
1232 1607 1337 1663 virtute
1351 1625 1425 1663 vers.
1436 1609 1487 1664 778

358 1700 460 1768 (Migne
474 1699 517 1766 37,
538 1697 614 1767 736):

568 1813 766 1882 “Ξενοκράτην
785 1816 920 1883 λέγουςιν,
941 1817 982 1867 ὡς
1001 1815 1113 1882 πόρνης
1130 1818 1208 1870 τινός

574 1904 602 1959 οἷ
620 1904 825 1972 προςριφείςης
845 1905 875 1957 έκ
893 1921 981 1958 τινων
1000 1903 1191 1970 πειρωμένων

572 1990 626 2060 (καί
643 1991 699 2056 γὰρ
718 1990 866 2043 καθεύδων
885 1989 1004 2058 νυκτός),
1024 1990 1096 2055 ἥνικ’
1110 1991 1212 2058 ῄςθετο

573 2077 632 2129 οὔτ’
648 2077 775 2142 ἐπτοήθη
795 2081 837 2144 τῷ
858 2074 929 2143 ξένῳ
949 2077 1001 2140 τῆς
1019 2075 1131 2140 ύβρεως

573 2160 633 2214 οὔτ’
648 2161 777 2226 έξανέςτη
797 2161 815 2226 ἢ
836 2162 938 2226 φυγεῖν
957 2159 1106 2225 ἠνέςχετο·

573 2247 663 2312 όιμφω
683 2245 737 2310 γὰρ
759 2244 830 2297 εἶναι
849 2244 969 2310 δεύτερα
987 2244 1202 2310 Ξενοκράτους·

573 2331 650 2384 ούτω
670 2331 694 2383 δ’
709 2328 841 2396 ἀκίνητός
859 2345 890 2382 τε
909 2328 954 2381 καί
973 2329 1104 2394 ἄτρωτος
1123 2329 1167 2395 ἢν,

573 2415 637 2469 ὥςτ’
652 2416 831 2482 έκφυγοθςαν
851 2415 977 2479 όςμένως
998 2418 1084 2480 βοᾶν·
1103 2412 1130 2466 τί
1151 2429 1184 2478 με

572 2507 664 2570 νεκρῷ
678 2500 904 2566 παρευνάςαντες
917 2499 1079 2566 ἠπατήςατε
1088 2495 1102 2566 ;'

358 2623 397 2676 Cf.
421 2622 496 2692 quod
518 2622 658 2691 Diogenes
680 2621 808 2676 Laertius
831 2622 901 2676 1V2
924 2621 959 2675 άο
977 2622 1136 2675 Xenocrate
1159 2618 1242 2673 dicit:
1267 2617 1321 2672 ‘nui
1346 2636 1419 2675 ποτε
1443 2619 1486 2674 καὶ

359 2707 478 2772 Φρύνην
496 2707 549 2772 τὴν
573 2705 687 2772 ἑταίραν
713 2707 840 2772 έθελῆςαι
863 2710 992 2772 πειρόςαι
1015 2701 1103 2758 αὐτόν
1128 2704 1173 2757 καί
1196 2706 1284 2769 δῆθεν
1304 2705 1485 2771 διωκομένην

357 2793 414 2844 ύπό
433 2796 521 2844 τινων
540 2794 714 2857 καταφυγεῖν
734 2791 772 2844 είς
790 2793 824 2843 τό
845 2789 971 2844 οἰκίδιον,
1003 2792 1055 2843 τόν
1074 2791 1105 2843 δέ
1125 2790 1205 2843 ἕνεκα
1223 2793 1275 2842 τού
1297 2790 1483 2857 ἀνθρωπίνου

358 2875 526 2930 εἰςδέξαςθαι
544 2875 589 2929 καί
608 2877 672 2929 ἑνός
692 2876 776 2928 όντος
795 2875 929 2929 κλινιδίου
950 2876 1071 2944 δεομένη
1098 2878 1268 2940 μεταδοῦναι
1287 2879 1340 2941 τήι
1358 2875 1484 2930 κατακλί-

358 2974 428 3013 ςεως
441 2957 486 3011 καί
497 2960 579 3012 τέλος
592 2960 684 3012 πολλὰ
697 2959 901 3025 έκλιπαροῦςαν
915 2961 1061 3026 ἄπρακτον
1075 2964 1241 3026 ἀναςτῆναι’
1261 2961 1353 3024 λέγειν
1367 2962 1399 3014 δέ
1412 2963 1483 3027 πρὸς

356 3045 424 3097 τοὺς
443 3044 678 3108 πυνθανομένους
698 3046 738 3096 ὼς
758 3040 810 3096 οὐκ
830 3043 875 3096 ἀπ’
891 3045 996 3111 ἀνδρός
1012 3046 1070 3098 ἀλλ’
1086 3046 1132 3098 ἀπ’
1147 3045 1316 3111 ἀνδριάντος
1331 3045 1482 3111 ἀναςταίη’.

356 3129 454 3183 Eidem
466 3128 595 3197 scriptori
605 3129 680 3183 hanc
690 3144 800 3198 quoque
810 3128 1002 3183 narrationem
1012 3129 1161 3199 Gregorius
1172 3129 1274 3184 debere
1285 3129 1354 3184 mihi
1365 3130 1482 3200 videtur,

356 3231 442 3283 quarn
460 3215 579 3284 legimus
596 3213 627 3268 in
646 3213 725 3282 epist.
739 3216 774 3268 32
792 3215 893 3284 (Migne
907 3217 950 3284 37,
970 3216 1027 3285 72):
1053 3217 1094 3269 ὧν
1119 3217 1134 3268 ό
1161 3217 1211 3281 μέν
1234 3213 1431 3286 (Ἀνάξαρχος)
1449 3217 1482 3270 έν

357 3301 451 3366 ὅλμῳ
471 3298 659 3360 κοπτομένων
679 3293 767 3351 αὐτού
780 3303 841 3351 τῶν
854 3305 966 3370 χειρῶν,
987 3300 1064 3353 οὕτω
1078 3305 1130 3353 τού
1143 3303 1287 3367 τυράννου
1302 3302 1483 3356 κελεύςαντος

355 3383 508 3437 πτίςτειν
531 3386 592 3437 τόν
612 3381 821 3449 Ἀναξάρχου
847 3384 995 3438 θύλακον
1020 3387 1191 3439 διεκελεύετο
1215 3388 1275 3439 τοῖς
1303 3385 1481 3450 βαςανίςταις.

355 3467 387 3521 Τί
405 3472 493 3521 τούτο
513 3468 621 3533 λέγων;
640 3469 674 3520 τό
696 3470 844 3535 μοχθηρόν
863 3469 930 3534 ἡμῖν
948 3469 1079 3536 ςαρκίον’
1100 3473 1140 3523 ὡς
1156 3467 1367 3536 Ἀναξάρχου
1388 3487 1425 3534 γε
1445 3467 1482 3522 οὐ

356 3567 473 3606 πτιςςο
482 3553 584 3617 μένου
604 3555 654 3617 τῆς
675 3553 838 3619 φιλοςόφου
853 3557 945 3619 ψυχῆς
958 3555 1040 3621 κτλ.’;
1060 3571 1132 3624 quae
1147 3555 1299 3608 occurrunt
1313 3554 1384 3608 etin
1398 3570 1481 3609 carm.

356 3637 391 3692 de
406 3636 499 3691 virtut.
518 3654 591 3691 vers.
605 3637 673 3691 688:

1063 3722 1223 3785 λέγεις...

570 3808 690 3870 πτιςμόν
709 3808 740 3859 έν
760 3806 840 3874 όλμῳ
860 3811 920 3859 τῶν
935 3803 1110 3873 Ἀναξάρχου
1129 3813 1223 3875 χερῶν

570 3894 611 3945 ὡς
630 3888 664 3945 οὐ
684 3893 829 3959 παρόντος
848 3892 893 3946 καί
912 3894 1078 3947 κελεύοντος
1098 3897 1235 3961 ςφοδριύς

570 3975 690 4030 πτίςτειν
708 3979 760 4030 τόν
780 3978 868 4031 αὑτοῦ
888 3978 1027 4030 θύλακον·
1049 3974 1137 4031 αὐτόν
1156 3981 1210 4046 γάρ
1232 3979 1325 4043 μένειν

571 4060 712 4127 όιπτιςτον,
733 4063 806 4116 όςτις
825 4062 897 4116 ἐςτίν
917 4060 968 4127 οὐχ
988 4062 1156 4129 δρώμενον.

356 4179 430 4233 idem
448 4179 506 4232 fere
524 4178 554 4233 in
574 4181 658 4249 epigr.
673 4182 707 4236 IV
725 4183 826 4252 (Migne
839 4183 882 4253 38,
896 4183 955 4252 83);
974 4183 1046 4237 haec
1060 4184 1135 4237 enim
1147 4185 1261 4253 Diogen.
1274 4185 1367 4242 Laert.
1382 4188 1418 4241 IX
1431 4188 1478 4241 10:

355 4264 510 4329 ‘cuttassthv
536 4261 624 4316 αὐτόν
649 4266 694 4318 καὶ
722 4267 769 4320 είς
798 4269 906 4333 ὅλμον
935 4267 1030 4333 βαλὼν
1057 4269 1182 4323 έκέλευςε
1210 4272 1335 4336 ςιδηροῖς
1363 4273 1479 4338 ὑπέροις

355 4348 522 4401 τύπτεςθαι·
546 4350 598 4401 τόν
617 4349 642 4402 δ’
657 4351 709 4402 ούν
733 4350 925 4418 φροντίςαντα
943 4355 994 4417 τῆς
1011 4352 1151 4418 τιμωρίας
1174 4353 1261 4407 είπεῑν
1281 4354 1372 4408 έκεῖνο
1392 4356 1426 4421 δὴ
1445 4356 1478 4408 τὸ
