3228 5268
308 485 351 538 De
371 482 499 553 Gregorii
518 483 689 540 Nazianzeni
707 481 882 540 oratiombus
900 482 1072 538 funebribus.
1221 479 1261 544 37

120 663 181 722 out
191 655 410 720 laudaturum
420 673 500 736 esee,
508 674 701 737 quamquam
710 653 850 718 laudatio
858 655 1057 738 aptissimum
1065 661 1263 722 mortuorum

121 761 249 829 donum
274 764 310 826 et
333 758 481 826 debitum
502 759 644 824 omniurn
666 757 847 824 debitorum
866 758 1077 822 iustissimum
1094 760 1143 840 sit
1166 758 1265 841 idque

121 866 195 930 viro
213 863 388 944 eloquenti
396 863 428 941 ¹).
464 859 526 928 Sed
550 880 592 925 ne
606 859 753 930 videatur
767 860 881 944 legem
905 879 987 943 quae
1010 859 1100 924 iubet
1122 866 1265 924 mortuos

118 967 261 1040 laudari,
283 964 481 1047 neglexisse,
501 983 536 1028 se
557 961 685 1028 dicendi
702 981 820 1028 munus
840 961 1037 1044 suscepisse3
1059 963 1265 1044 nequeenim

119 1091 140 1138 a
165 1069 289 1136 Christi
316 1068 465 1132 doctrina
488 1066 607 1130 alienas
630 1083 699 1130 esse
723 1064 930 1146 laudationes,
952 1065 1050 1128 imino
1073 1066 1265 1148 scripturam

119 1192 250 1240 saonam
268 1171 393 1238 dooere
416 1170 603 1235 memoriam
619 1172 819 1235 mertuorum
835 1167 1058 1234 celebrandam
1077 1187 1156 1233 esse.
1188 1167 1264 1232 Ora-

119 1278 246 1342 tionem
276 1279 392 1338 autem
420 1271 465 1336 ita
493 1290 527 1338 se
550 1272 772 1336 instituturum
797 1289 880 1352 esse,
908 1275 945 1334 ut
972 1271 1111 1354 primum
1133 1272 1265 1338 fratrem

119 1383 283 1462 queratur
315 1377 349 1440 et
380 1373 534 1456 laudet2),
566 1373 682 1438 deinde
712 1373 858 1436 ostendat
883 1373 1103 1441 infirmitatem
1131 1381 1265 1441 naturae

119 1483 288 1548 humanae
297 1479 324 1560 ³)
353 1477 559 1560 pretiumque
589 1495 627 1540 ao
656 1474 844 1557 dignitatem
876 1476 988 1557 animi,
1023 1475 1163 1560 denique
1194 1496 1265 1561 pro-

119 1585 265 1668 pinquos
284 1580 475 1649 consoletur
490 1579 716 1661 auditoresque
733 1598 751 1640 a
766 1579 901 1642 terrenis
918 1577 1081 1643 deducens
1096 1581 1267 1647 transierat

118 1689 161 1752 ad
187 1693 334 1754 aeterna.
360 1721 405 1732 —

215 1787 429 1854 Laudatio:
454 1784 605 1867 Sequitur
620 1784 691 1847 laus
706 1785 784 1866 ipsa,
801 1803 882 1866 quae
900 1785 1024 1850 orditur
1039 1806 1057 1848 a
1072 1786 1266 1870 parentibus,

119 1913 264 1977 quorum
282 1892 441 1975 pietatem
458 1887 614 1972 imprimis
629 1887 792 1971 praedicat
806 1892 912 1952 orator
930 1888 989 1970 (op.
1006 1889 1046 1970 2).
1062 1925 1106 1936 -·
1125 1888 1266 1956 seorsim

119 1996 279 2062 laudatur
297 1993 445 2078 primum
463 1995 560 2074 pater,
585 1991 678 2054 ouius
696 1990 833 2054 virtutes
852 1991 1035 2054 summatim
1057 1991 1267 2073 proferuntur

119 2103 182 2184 (op.
202 2101 245 2180 3),
271 2095 395 2162 deinde
415 2095 524 2160 mat1ia
548 2094 682 2158 virtutes
699 2094 833 2175 eiusque
858 2092 896 2156 de
912 2092 1034 2156 familia
1052 2092 1134 2158 bene
1152 2095 1267 2158 merita

120 2200 372 2278 enumerantur,
403 2200 473 2258 tum
494 2199 642 2277 parentes
671 2196 867 2260 coniunctim
892 2194 1100 2277 celebrantur,
1129 2217 1266 2280 quorum

120 2325 198 2374 cum
214 2308 358 2383 uterque
369 2300 488 2382 primas
498 2299 582 2360 inter
591 2297 739 2361 mortales
749 2298 883 2379 tulisset,
892 2303 1041 2364 neutrum
1051 2298 1171 2381 palmas
1180 2299 1266 2364 ferre

120 2409 280 2491 potuisse,
311 2423 391 2468 cum
415 2401 513 2465 altera
541 2400 580 2464 ab
609 2399 708 2464 altera
734 2404 824 2484 parte
843 2399 996 2483 impedita
1012 2405 1095 2464 esset
1118 2405 1177 2484 (op.
1191 2404 1265 2484 tlt).

121 2544 250 2618 (monod.
264 2543 297 2596 in
317 2539 421 2610 filium)
441 2538 516 2608 §192
536 2539 570 2591 ’111
590 2538 727 2604 δυςχερὴς
739 2542 857 2608 γλωςςα,
878 2539 901 2591 ὠ
915 2537 1061 2604 πρότερον
1076 2540 1125 2604 μέν
1140 2540 1266 2604 όργανον

122 2633 264 2699 Μαυςῶν,
278 2627 347 2681 νυνί
361 2627 393 2679 δέ
407 2624 533 2691 ἀμοὺςοα
547 2621 691 2688 δαίμονος.
714 2624 835 2678 Γενέςθω
852 2623 937 2690 μέρος
946 2627 998 2676 τοῦ
1009 2628 1141 2690 πονηροθ
1152 2629 1264 2689 κομμοθ

119 2719 138 2784 ἡ
157 2723 224 2771 τῶν
243 2716 346 2779 λόγων
366 2711 482 2764 τούτων
501 2707 647 2763 ἐπίδειξις.

220 2801 237 2871 ¹)
259 2798 355 2868 Cp.1:
383 2793 516 2858 ‘retroire
540 2797 637 2858 δῶρον
661 2791 747 2860 φίλον
768 2793 813 2846 καί
837 2792 1019 2862 οἰκειότατον,
1044 2795 1122 2860 εἴπερ
1146 2811 1171 2848 τι
1196 2795 1265 2848 ἄλλο

119 2893 162 2956 τῷ
184 2884 280 2952 λογίῳ
302 2883 391 2945 λόγος
410 2877 454 2932 καί
473 2884 515 2946 τῷ
541 2878 740 2942 διαφερόντως
764 2880 937 2948 ἀγαπήςαντι
960 2880 1029 2933 τοὺς
1053 2880 1139 2945 ἐμοὺς
1162 2880 1265 2943 λόγους

120 2971 138 3038 ἡ
159 2967 314 3038 εὐφημία·
340 2965 385 3019 καὶ
406 2964 439 3018 οὺ
460 2967 558 3028 δῶρον
580 2963 678 3032 μόνον,
703 2964 835 3017 ἀλλὰκαὶ
854 2965 937 3029 χρέος
957 2965 1092 3017 ἁπάντων
1111 2969 1205 3030 χρεῶν
1225 2968 1265 3018 δι-

121 3053 300 3110 καιότατον.’
321 3049 362 3104 cf.
377 3046 550 3102 Nazianzeni
564 3050 633 3100 orat.
648 3047 677 3100 in
690 3047 774 3102 Basil.
789 3065 831 3117 cp.
841 3049 872 3103 1:
893 3049 966 3115 ‘epol
978 3066 1009 3102 τε
1021 3051 1075 3114 γὰρ
1091 3051 1164 3102 ἔςται
1176 3054 1265 3104 τοῦτο

119 3141 205 3208 χρέος
227 3138 339 3192 ἱκανῶς
360 3133 571 3200 ἀφοςιώμενον.
591 3132 674 3196 χρέος
693 3134 724 3186 δέ
744 3133 821 3200 εἴπερ
842 3135 911 3187 ἄλλα
930 3151 957 3187 τι
975 3137 1035 3188 τοῖς
1049 3136 1165 3197 ἀγαθοῖς
1181 3134 1217 3186 τό
1233 3151 1265 3188 τε

121 3229 193 3283 ἄλλα
212 3223 264 3279 καὶ
284 3220 354 3286 περὶ
372 3221 424 3272 τόν
444 3219 531 3282 λόγον
552 3218 567 3269 δ
582 3218 677 3281 λόγος’
696 3222 723 3272 et
741 3219 858 3273 Himerii
876 3220 893 3272 l.
908 3235 931 3272 c.
947 3220 976 3273 1:
997 3219 1040 3271 ‘ot
1054 3218 1109 3284 γάρ
1126 3234 1172 3283 μοι
1186 3218 1264 3284 θέμις

124 3314 160 3380 μὴ
185 3311 235 3366 καὶ
262 3308 344 3374 λόγῳ
370 3307 508 3370 θρηνῆςαι
531 3303 583 3356 τόν
607 3303 786 3355 αὐτῶντῶν
810 3305 905 3368 λόγων
929 3303 1064 3368 ἔκγονον.
1101 3302 1265 3358 Orationem

120 3397 245 3452 mortuis
267 3390 368 3449 deberi
393 3388 460 3446 dicit
478 3387 676 3446 Nazianzenus
698 3388 782 3442 etiam
802 3388 832 3441 in
850 3392 920 3442 orat.
940 3388 970 3441 in
989 3387 1158 3456 Gergouiam
1177 3403 1219 3455 cp.
1231 3388 1263 3441 3:

122 3483 205 3549 φέρε
220 3479 403 3546 προςβῶμεν
416 3474 471 3540 ἤδη
484 3475 545 3526 τοῖς
559 3470 717 3541 ἐγκωμίοις,
734 3473 787 3539 τὴν
801 3475 832 3527 δέ
846 3473 1037 3540 ὀφειλομένην
1051 3471 1130 3524 όςίαν
1143 3470 1182 3524 είς
1195 3473 1263 3528 ἄλλο

121 3585 147 3622 τι
165 3568 257 3633 χρέος
270 3566 335 3616 τῶν
349 3559 581 3623 ἀναγκαιοτάτων
595 3560 850 3626 ἀποπληροῦντες’;
872 3560 905 3613 ol.
916 3563 944 3613 et
956 3557 1069 3612 Aristid.
1083 3575 1122 3613 or.
1136 3558 1222 3612 XXXI
1231 3560 1263 3616 K.

120 3653 152 3708 in
169 3653 319 3708 Etoneum
339 3645 403 3714 §1²
423 3645 450 3710 ‘n
472 3645 523 3710 μέν
543 3642 670 3698 ἐπίδειξις
690 3645 825 3710 οὐδαμῶς
845 3644 970 3712 εὐτυχής,
990 3642 1057 3696 οὐδέ
1071 3643 1130 3696 κατ’
1141 3643 1264 3716 ἐλπίδας,

122 3735 266 3802 ἀναγκαία
287 3733 320 3786 δέ
340 3731 421 3797 κτλ.’;
441 3735 469 3786 et
488 3729 633 3784 Themistii
652 3729 753 3798 locum,
773 3746 856 3799 quem
875 3729 958 3783 modo
977 3728 1070 3782 citavi.

215 3821 239 3891 ¹)
262 3818 314 3886 Cp.
327 3816 359 3872 1:
380 3815 578 3880 ‘boxpdcuvrec
596 3813 641 3866 καὶ
661 3816 876 3882 θαυμόςαντες’;
897 3815 930 3867 α1.
944 3813 1043 3867 Himer.
1064 3814 1081 3866 l.
1096 3830 1119 3868 c.
1133 3815 1162 3868 l:
1184 3813 1218 3866 ‘rt
1232 3816 1264 3868 δέ

123 3907 274 3974 θρηνὴςω,
295 3900 324 3955 τί
345 3901 376 3956 δέ
396 3899 552 3956 ἐπαινέςω.’

215 3990 238 4061 8)
260 3988 312 4055 Cp.
325 3986 356 4041 1:
378 3985 437 4050 ‘rllc
455 4001 486 4038 τε
506 3982 691 4049 ἀνθρωπίνης
711 3984 824 4052 φθςεως
841 3984 894 4050 τὴν
909 3983 1053 4037 ἀςθένειαν
1066 3983 1262 4051 έπιδείξομεν’;

123 4077 158 4129 ci.
178 4075 270 4130 etiam
284 4068 418 4126 Menand.
444 4068 566 4138 Spengel
584 4069 623 4122 rh.
641 4085 681 4137 gr.
700 4070 735 4122 lll
750 4069 812 4137 414,
832 4070 862 4123 2:
884 4067 936 4122 ‘ael
956 4070 1148 4135 φιλοςοφῆςαι
1167 4068 1197 4121 δέ
1217 4067 1263 4122 ἐπί

122 4159 240 4214 τοὺτοις
262 4157 319 4211 οὐκ
343 4150 537 4220 ἀπειρόκαλον
556 4154 679 4206 καθόλου
700 4153 765 4219 περὶ
785 4154 898 4220 φὺςεως
917 4152 1119 4220 ἀνθρωπίνης.’

215 4246 239 4315 ⁴)
260 4240 353 4298 Tacit.
372 4238 590 4308 AgricolV14:
616 4239 708 4310 ‘idque
734 4239 943 4294 matrimonium
968 4236 1004 4292 ad
1027 4239 1137 4292 maiora
1154 4236 1263 4295 nitendi

124 4333 210 4388 decus
226 4350 262 4388 ac
277 4328 368 4384 robur
379 4327 437 4382 luit.
451 4327 642 4394 vixeruntque
656 4327 728 4382 mira
742 4324 893 4382 concordia
906 4339 955 4392 per
967 4327 1096 4378 mutuam
1115 4322 1263 4381 caritatem

124 4422 152 4471 et
170 4417 300 4473 invicem
323 4429 355 4466 se
375 4409 589 4482 anteponendo'.
