3240 5252
147 430 235 515 [219]
380 507 381 510 ¹
591 433 688 488 Studia
707 434 842 490 Tulliana.
1236 429 1276 490 59

146 629 250 690 mores,
277 611 371 672 curia
394 607 531 690 fortuna,
555 607 691 691 uoluptas
712 609 804 671 etiam
828 610 916 672 mnia
939 608 1002 672 dici
1024 609 1102 689 solet,
1126 629 1194 672 cnm
1204 628 1277 692 per-

140 713 260 795 cipitur
284 732 301 774 e
325 709 432 774 multis
453 709 653 773 dissimilibus
670 709 759 774 rebus
777 710 938 774 dissimiles
956 710 1157 792 efficientibus
1176 711 1278 795 uolup-

144 821 226 878 tates.
260 813 305 876 at
330 812 533 894 cognoscitur
556 811 644 875 uocis
668 812 861 894 significatio
885 813 994 876 multis
1018 833 1036 878 e
1058 814 1146 892 locis,
1174 818 1211 876 ut
1235 833 1276 877 ex

145 915 289 980 Oratoris
310 916 351 998 ἐξ
370 917 420 996 52,
438 917 488 992 59,
506 917 556 996 65,
575 916 647 996 197,
667 915 722 978 sed
743 916 861 998 optime
880 935 922 979 ex
943 918 1046 1000 eius§
1066 919 1145 979 111:
1166 916 1277 981 Demo

143 1019 262 1084 stleems
277 1020 404 1104 quictem
420 1068 426 1080 .
443 1069 449 1082 .
467 1068 473 1082 .
489 1017 569 1083 ullu
584 1017 698 1102 Lysiae
717 1019 881 1084 subtilitate
899 1023 984 1098 cedit,
1001 1022 1082 1086 nihil
1099 1024 1232 1106 argutiis
1249 1028 1278 1085 et

143 1125 287 1186 acumine
302 1121 471 1206 Hyperidi,
495 1121 576 1186 nihil
593 1122 711 1185 leuitate
726 1121 872 1186 Aeschini
886 1130 914 1186 et
929 1125 1088 1208 splendore
1103 1123 1275 1188 aeriorum:

143 1226 258 1289 multae
286 1231 361 1288 sunt
388 1227 453 1290 eius
480 1231 558 1290 totae
585 1226 736 1288 orationes
763 1223 892 1307 subtiles,
920 1233 956 1291 ut
977 1234 1084 1292 contra
1107 1225 1275 1312 Leptinem,

142 1330 257 1393 multae
281 1335 362 1393 totae
382 1349 496 1414 graues,
520 1335 555 1391 ut
578 1328 728 1413 quaedam
752 1327 951 1412 Philippicae,
977 1331 1088 1393 multae
1111 1333 1223 1412 variae,
1243 1337 1278 1394 ut

142 1437 251 1495 centra
274 1429 455 1495 Aeschinem
477 1430 577 1513 falsae
600 1430 768 1514 legationis.
808 1428 892 1512 Ergo
916 1431 970 1493 illo
994 1431 1150 1495 adiectivo
1173 1451 1276 1514 genus

142 1534 265 1598 humile
283 1539 316 1598 et
330 1553 427 1617 grave
443 1533 572 1597 dicendi
587 1553 689 1616 genus
705 1533 807 1596 mixta
823 1552 892 1598 esse
905 1535 1066 1600 indicatur
1077 1556 1138 1600 nec
1150 1536 1275 1600 varium

142 1637 208 1702 dici
223 1641 331 1720 potest
346 1655 448 1720 genus
463 1635 592 1720 grande.
622 1634 692 1711 Quo
709 1635 756 1716 fit,
778 1641 815 1698 ut
833 1636 971 1719 lituram,
996 1658 1091 1721 quam
1112 1639 1277 1722 proposuit

140 1739 338 1821 FridericuS,
355 1739 502 1803 acerrimi
517 1739 571 1802 ille
586 1739 709 1820 ingenii
723 1739 781 1818 vir,
799 1740 1010 1803 necessariam
1026 1741 1166 1805 iudicem
1178 1740 1276 1822 idque

142 1861 179 1906 eo
204 1843 316 1926 magia,
342 1841 427 1923 quod
451 1841 640 1905 emblemate
663 1840 774 1923 fugato
798 1841 891 1923 plana
916 1843 1024 1906 eadem
1051 1844 1104 1907 hic
1127 1845 1167 1907 de
1185 1845 1275 1926 gravi

141 1945 272 2010 dicendi
288 1962 408 2028 genere
423 1945 603 2025 laudantur,
621 1963 702 2026 quae
717 1945 752 2005 in
764 1943 812 2008 Da
828 1944 892 2010 div,
905 1945 925 2008 l.
938 1945 962 2025 Ι,
975 1947 1031 2010 80;
1053 1946 1157 2027 Quid?
1176 1953 1276 2012 uestra

140 2053 241 2113 oratio
266 2051 301 2112 in
324 2051 432 2128 causis,
456 2048 554 2133 quid?
577 2050 646 2131 ipsa
664 2049 742 2111 actia
763 2054 936 2132 potestesse
954 2049 1108 2113 uehemens
1126 2052 1276 2133 etprueis

139 2159 167 2215 et
190 2154 320 2236 copiosa,
345 2152 409 2214 nisi
430 2157 472 2214 est
494 2152 620 2215 unimus
641 2152 705 2234 ipse
728 2151 925 2215 commotior?

231 2253 400 2317 Postremo
418 2252 503 2334 quod
519 2252 655 2315 Palatini
671 2253 774 2334 prima
789 2271 903 2316 manus
919 2254 1178 2335 transscripserat
1192 2253 1274 2318 idem

138 2355 390 2438 Heerdegenins
413 2374 450 2418 ac
473 2353 643 2436 StangliuS,
668 2353 754 2437 quod
778 2353 880 2418 P²OF
902 2356 937 2419 id
958 2361 1001 2420 est
1019 2356 1117 2418 ceteri
1137 2355 1274 2420 editores

138 2460 172 2521 in
199 2463 328 2522 textum
355 2461 555 2538 receperunt.
590 2458 635 2520 At
657 2475 736 2520 voce
759 2455 855 2538 faceti
881 2457 927 2519 itti
954 2460 1168 2540 concinatores,
1193 2477 1274 2539 quos

140 2562 229 2643 dicit,
255 2559 411 2643 explicari
430 2580 495 2622 non
514 2564 650 2641 possunt
667 2578 773 2640 neque
791 2579 849 2644 per
867 2578 901 2623 se
920 2561 1017 2624 iidem
1037 2566 1113 2623 sunt
1130 2561 1225 2644 faceti
1243 2567 1275 2625 et

138 2664 359 2729 concinniores.
392 2661 494 2724 Immo
524 2681 578 2725 eos
601 2663 684 2725 inter
712 2681 746 2725 se
774 2669 883 2745 aperta
912 2663 1081 2746 distinguit
1105 2663 1215 2727 Cicero
1239 2666 1274 2727 in

138 2767 234 2830 Bruti
251 2765 270 2849 ἕ
288 2766 371 2828 325:
394 2764 515 2829 Genera
534 2771 635 2828 autem
654 2766 810 2830 Asiaticae
829 2766 971 2830 dictionis
986 2767 1047 2830 dua
1062 2774 1149 2831 sunt:
1175 2787 1273 2832 lenum

136 2872 358 2937 sententiosum
380 2875 409 2932 et
430 2875 586 2954 arantum,
610 2871 765 2933 sententiis
787 2890 848 2933 non
872 2878 934 2934 tam
956 2869 1102 2954 prauilm
1119 2875 1148 2934 et
1166 2874 1275 2935 seueris

137 2995 233 3060 quam
257 2973 416 3036 mminuis
437 2977 465 3034 et
488 2972 690 3035 venustis...
714 2972 815 3035 Aliud
836 2979 938 3037 unum
954 2993 1051 3057 penus
1068 2979 1110 3037 est
1129 2993 1191 3038 nan
1209 2980 1273 3038 tam

136 3077 298 3142 sententiis
320 3073 552 3158 frequentatum
575 3095 668 3159 quam
691 3075 787 3139 uerbis
810 3076 926 3140 ualuere
944 3082 972 3138 et
989 3079 1161 3158 incitatum,
1185 3078 1274 3162 quale

135 3187 181 3246 est
204 3200 291 3244 nnnc
313 3179 393 3242 Asia
416 3184 485 3258 tata,
509 3199 563 3242 nec
583 3177 713 3260 flumine
734 3178 831 3242 salum
855 3180 1010 3259 arationis,
1034 3180 1200 3244 sedetiam
1223 3202 1273 3244 en-

136 3289 250 3348 ornato
283 3287 311 3345 et
343 3280 442 3363 faceto
468 3301 577 3365 acuere
600 3280 766 3346 malornm.
802 3280 924 3344 Verum
956 3281 1079 3342 etiamsi
1110 3281 1273 3344 interdum

136 3389 277 3468 cognata
296 3384 338 3446 sit
357 3383 550 3464 significatio
570 3402 686 3446 vocum
707 3387 892 3464 quaesunt:
912 3384 1078 3446 concinnus
1096 3387 1129 3446 et
1146 3383 1272 3466 facetus,

134 3495 247 3552 tamen
265 3485 414 3550 codicum
431 3485 587 3567 scriptura
605 3486 640 3549 iel
657 3492 701 3549 est
719 3484 954 3567 comprobanda
971 3503 1037 3547 nou
1054 3489 1116 3547 est:
1134 3485 1272 3567 primum

137 3591 224 3672 quia,
242 3590 272 3651 si
287 3587 495 3670 reciperetur,
513 3588 747 3669 comparativus
762 3587 922 3670 functiones
934 3586 1180 3669 desideraretur,
1197 3588 1272 3652 dein

136 3693 225 3777 quod
256 3690 371 3754 Cicero
399 3690 460 3753 hoc
494 3691 612 3753 summi
640 3689 790 3772 ponderis
818 3690 887 3754 loco
921 3688 1115 3753 adiectivum
1143 3690 1272 3772 aliquod

135 3797 287 3880 posuisse
299 3792 357 3854 vix
368 3796 472 3874 potest
484 3793 597 3874 putari,
611 3791 694 3873 qnod
711 3811 775 3853 non
788 3793 893 3854 statim
906 3810 963 3874 per
975 3809 1009 3854 se
1021 3791 1272 3875 intellegeretur.

136 3899 289 3964 Necdum
314 3913 445 3977 prorsus
469 3895 626 3958 satisfacit
650 3894 730 3957 illud
750 3894 887 3958 Palatini
909 3895 992 3958 idem
1015 3894 1090 3958 huic
1112 3895 1191 3977 loco,
1216 3898 1272 3978 qui

134 4003 277 4086 requirit
301 3999 409 4082 potius
432 3999 604 4084 idemque.

246 4104 309 4168 Est
333 4101 414 4164 eiius
434 4100 576 4165 Oratoris
598 4101 689 4164 locus
712 4101 809 4164 simili
832 4101 954 4163 rationo
974 4098 1202 4163 emendandus.
1233 4101 1270 4163 In

136 4214 190 4293 §7
217 4207 311 4274 enim
335 4205 388 4268 vel
411 4205 522 4268 eodem
546 4204 639 4267 modo
663 4205 801 4289 idemque
820 4203 871 4267 vel
891 4203 1015 4288 <quacl>
1037 4203 1119 4266 idem
1138 4222 1272 4286 exspec-

135 4319 251 4394 tamus
268 4313 308 4374 ut
322 4308 482 4390 legamus:
499 4306 572 4372 Non
587 4309 669 4371 enim
684 4326 804 4391 quaere,
821 4310 889 4392 quis
904 4306 982 4388 (scil.
995 4324 1141 4368 summus
1157 4307 1271 4381 orator)
