3240 5252
347 463 391 526 76
792 469 912 526 Petrus
931 469 1024 538 11616,
1388 460 1474 546 [236]

348 642 487 718 Graecos,
511 643 563 706 sed
585 641 754 706 Phalereus
772 641 948 706 1166611166
971 642 1168 706 meoiudicio
1181 644 1343 725 praestitit
1360 644 1474 719 ceteris3

332 747 433 809 ,cuius
455 747 553 808 oratio
576 767 645 809 cum
667 745 767 810 sedate
784 746 965 830 placideque
984 745 1123 830 liquitur,
1148 751 1212 808 tum
1232 745 1394 812 illustrant
1412 765 1476 809 eum

345 850 436 933 quusi
457 848 559 912 6161166
581 849 732 934 quaedam
756 849 908 912 translatu
932 847 1021 913 verbu
1044 854 1134 932 atque
1152 850 1327 910 immutato.
1363 845 1476 910 Trans·

345 951 411 1015 luta
433 951 508 1032 dcco,
531 957 566 1014 ut
587 971 674 1034 saepe
694 954 766 1032 iam,
791 973 868 1036 quae
880 973 941 1035 per
959 951 1192 1014 similitudinem
1216 949 1255 1014 ab
1278 951 1345 1014 ulia
1368 971 1402 1013 re
1425 957 1477 1014 aut

346 1056 506 1119 suauitatis
520 1060 576 1117 out
590 1056 712 1140 inopiae
730 1076 822 1118 causa
841 1054 1094 1137 transferuntur3
1119 1056 1293 1134 immutata,
1318 1056 1353 1116 in
1372 1053 1478 1138 quibus

340 1156 507 1240 proverbe
522 1159 651 1240 premio
669 1156 819 1220 subicitur
837 1157 932 1237 cliui,
952 1158 1033 1242 quari
1050 1157 1131 1220 idem
1147 1155 1303 1241 siqnificet,
1323 1163 1478 1240 sumptum

346 1281 384 1324 ea
406 1280 440 1322 re
462 1260 568 1344 aliqua
591 1261 818 1345 consequenti).

435 1363 480 1424 At
511 1362 718 1426 difficultates
749 1363 849 1425 multo
880 1363 1017 1426 maiores
1050 1361 1141 1424 nobis
1174 1365 1266 1443 parat
1298 1359 1478 1424 6616616116

346 1464 518 1528 verborum
533 1466 679 1547 proxime
699 1465 910 1546 sequentium.
934 1464 1139 1546 Distinguere
1160 1463 1231 1526 vult
1250 1462 1372 1544 Cicero,
1398 1481 1478 1544 quae

346 1568 411 1630 sint
429 1566 527 1630 verba
545 1567 663 1641 1161616
686 1587 768 1649 quae
787 1569 962 1648 immutata,
983 1567 1043 1630 hoo
1064 1572 1112 1628 661
1131 1566 1314 1629 discernere
1335 1571 1479 1646 metony-

345 1670 451 1750 miam,
465 1689 561 1750 quam
573 1671 770 1752 grammatici
783 1669 950 1753 appellant,
964 1671 1031 1732 sive
1048 1669 1241 1749 ὑπαλλαγήν,
1255 1687 1353 1748 quam
1367 1671 1480 1730 vocant

345 1773 490 1836 rhetores
498 1773 530 1854 2),
552 1793 569 1834 a
585 1772 771 1856 metaphora
789 1792 846 1837 seu
863 1773 1077 1835 translatione.
1102 1771 1226 1833 Laudat
1241 1771 1343 1852 igitur
1362 1772 1478 1833 utrius-

347 1894 410 1956 que
434 1877 516 1955 tropi
541 1875 697 1959 exempla,
727 1895 809 1957 quae
838 1896 901 1958 quo
929 1875 1023 1938 modo
1048 1877 1113 1936 sint
1140 1874 1350 1954 restituenda,
1376 1873 1479 1936 adhuc

345 1979 431 2040 inter
453 1996 487 2040 66
512 1979 710 2041 contendunt
735 1979 796 2040 viri
820 1979 1038 2057 doetissimi3).

437 2079 512 2142 Oola
528 2079 601 2158 dua,
614 2100 695 2161 quae
712 2087 788 2144 6661
805 2082 867 2146 ulio
886 2083 973 2146 morlo
991 2084 1018 2145 si
1031 2102 1093 2165 pro
1105 2082 1217 2164 putria
1235 2100 1339 2144 urcem
1356 2080 1479 2142 (11616661

347 2186 442 2263 61666
463 2204 532 2247 cum
551 2183 625 2247 dicit
641 2204 702 2268 pro
717 2183 812 2266 Afris
827 2187 986 2248 immutate
1002 2184 1157 2266 Africam,
1175 2201 1372 2264 quamquam
1392 2183 1479 2244 erant

346 2287 382 2348 in
406 2284 555 2348 codicum
580 2288 609 2348 A
634 2290 665 2348 61
688 2284 714 2348 L
739 2288 899 2349 communi
925 2286 1025 2368 16616,
1051 2305 1161 2348 omnes
1184 2285 1253 2346 iere
1282 2284 1422 2346 editores
1447 2287 1479 2345 ot

345 2389 907 2470 glossematistexturemoverunu).
916 2389 1101 2470 Eademque
1110 2386 1341 2450 rationeBakio
1350 2389 1478 2449 auctore

345 2492 380 2552 in
398 2489 447 2553 De
467 2509 509 2553 or.
526 2490 546 2552 l.
562 2490 620 2572 111,
639 2492 700 2554 161
727 2491 927 2554 sustulerunt
949 2492 1059 2555 verba:
1085 2512 1147 2576 pro
1170 2489 1265 2572 Afris
1292 2496 1336 2553 est
1359 2496 1479 2574 sumptu

345 2593 470 2676 Africa.
500 2593 591 2656 Idem
608 2595 715 2676 igitur,
732 2595 759 2656 si
777 2595 848 2676 quis
873 2595 1003 2659 erodere
1020 2595 1098 2676 vult,
1114 2592 1326 2675 interpolator
1344 2597 1478 2674 utroque

346 2697 417 2760 loeo
429 2696 563 2759 eandem
574 2699 764 2759 sententiam
775 2697 922 2762 intulisse
933 2698 1067 2760 videtur.
1082 2698 1130 2760 Ao
1143 2696 1220 2771 satis
1230 2700 1279 2757 est
1288 2693 1478 2773 mirandum,

347 2803 466 2881 quanto
489 2801 610 2862 rectius
634 2820 672 2862 ae
696 2802 841 2882 sagacius
864 2800 918 2864 ille
947 2801 1140 2883 cognoverit,
1165 2797 1242 2882 quid
1271 2795 1381 2860 dicare
1406 2797 1478 2860 velit

347 2902 470 2984 Cicero,
495 2921 591 2984 quam
619 2903 651 2983 ii,
680 2905 736 2984 qui
760 2905 906 2984 proxima
929 2909 1031 2966 661616
1056 2894 1221 2966 Oratorem
1253 2899 1426 2964 ediderunt
1449 2903 1478 2962 61

440 3036 458 3104 ¹)
475 3036 534 3089 Hac
549 3037 582 3090 de
600 3053 631 3088 re
644 3051 736 3104 pauca
749 3035 874 3090 delibare
888 3034 972 3090 liceat
986 3054 1001 3090 6
1015 3036 1128 3106 Quintil.
1143 3035 1204 3088 libr.
1218 3035 1285 3102 Vlll,
1299 3034 1324 3102 6,
1338 3033 1357 3086 4
1376 3033 1476 3086 Halm:

345 3121 515 3186 incipiamus
534 3120 676 3188 16116661
696 3120 814 3188 6616611.
835 3122 932 3190 tropo),
952 3124 1000 3188 661
1020 3138 1080 3172 cum
1098 3121 1342 3188 frequentissimus
1366 3124 1405 3168 est
1422 3123 1478 3168 tum

345 3205 425 3271 161166
439 3205 655 3272 pulcherrimus,
675 3203 857 3257 translatione
877 3207 947 3272 dico,
969 3223 1038 3274 6666
1059 3206 1211 3270 μεταφορὰ
1231 3204 1336 3254 Graece
1360 3208 1477 3254 uocatur.

347 3290 423 3354 Quae
442 3291 551 3356 quidem
571 3333 575 3344 .
592 3332 597 3344 .
613 3332 618 3343 .
636 3295 770 3356 praestat,
790 3307 824 3341 ne
847 3291 901 3341 ulii
919 3293 962 3343 rei
984 3307 1081 3342 rrsomen
1103 3293 1193 3342 deesse
1212 3290 1347 3341 uideatur.
1377 3287 1479 3338 Trana·

344 3376 440 3440 fertur
459 3390 523 3442 6666
536 3391 633 3428 nomen
644 3381 694 3425 aut
707 3374 817 3424 verbum
837 3391 870 3426 eu
889 3377 995 3443 661666,
1014 3378 1046 3426 in
1061 3391 1114 3442 666
1124 3377 1274 3442 proprium
1294 3379 1340 3440 eat,
1361 3374 1393 3423 in
1412 3388 1477 3435 eum,

344 3461 377 3512 iu
389 3474 442 3526 quo
454 3465 503 3510 aut
512 3461 665 3527 proprium
676 3460 748 3510 deest
760 3465 810 3510 uut
822 3461 989 3512 translatum
999 3461 1117 3527 proprio
1129 3460 1229 3510 meiius
1242 3464 1287 3510 est.
1312 3457 1349 3509 Ia
1360 3459 1478 3522 facimus

345 3549 395 3594 aut
413 3545 480 3610 61116
498 3560 603 3597 necesse
627 3549 665 3596 est
688 3549 737 3594 uut
756 3545 823 3610 quia
841 3545 1047 3614 siynificantius
1066 3552 1104 3598 est
1127 3551 1186 3610 aut,
1205 3551 1235 3596 ut
1257 3545 1329 3610 uixi,
1350 3545 1417 3610 quia
1435 3543 1477 3592 de-

345 3629 450 3680 centius
463 3627 507 3696 (el.
519 3629 558 3682 De
570 3647 609 3683 or.
622 3629 665 3694 111,
680 3628 731 3681 152
745 3627 816 3696 sqq.)
830 3632 913 3696 atquo
926 3629 1001 3698 §23:
1020 3647 1068 3682 nec
1077 3631 1178 3698 procul
1192 3631 1224 3680 61
1237 3629 1286 3681 1166
1298 3644 1398 3695 uenere
1410 3625 1476 3696 (scil.

344 3729 363 3766 a
372 3713 561 3782 synecdocha)
569 3713 686 3766 discedit
695 3715 870 3779 metonymia,
880 3731 949 3782 6666
962 3721 1001 3766 est
1010 3717 1130 3767 nourinr'e
1137 3731 1191 3782 pro
1205 3716 1314 3767 nomine
1320 3714 1422 3780 positio
1433 3751 1438 3762 .
1449 3752 1453 3762 .
1463 3750 1476 3776 .‚

344 3797 399 3862 sed,
419 3802 449 3847 ut
467 3799 508 3849 ait
528 3797 633 3863 Cicero,
653 3797 821 3864 1666116666
839 3799 962 3851 rhetores
980 3801 1075 3851 dicunt
1094 3799 1139 3868 (ci.
1160 3799 1199 3852 116
1219 3813 1258 3852 or.
1273 3798 1308 3850 lll
1323 3797 1375 3850 167
1393 3795 1450 3864 66).

437 3881 458 3950 ²)
475 3882 604 3936 Eundem
623 3886 735 3949 tropum
754 3881 814 3950 ipse
833 3883 939 3936 Tullius
958 3883 988 3936 in
1007 3884 1046 3936 De
1060 3900 1100 3937 or.
1115 3885 1132 3938 1.
1152 3884 1260 3951 111167
1279 3884 1476 3936 traductionem
1499 3953 1502 3958 Ι
1597 3919 1598 3942 .

343 3964 473 4020 nominat
492 3965 552 4020 sive
572 3968 796 4034 immutationem,
820 3965 849 4020 id
873 3969 947 4036 quod
972 3967 1074 4036 optime
1095 3969 1225 4038 congruit
1248 3985 1313 4024 cum
1336 3969 1392 4022 hoc
1410 3965 1476 4022 Ora-

344 4049 414 4103 toris
433 4050 504 4104 loco.

435 4134 456 4202 ³)
474 4135 533 4188 Hoc
543 4136 574 4190 in
583 4138 647 4190 loco
655 4134 835 4202 percipiendo
846 4152 879 4188 ac
890 4138 1039 4192 tractando
1047 4137 1301 4194 Reitzensteinium
1310 4156 1356 4192 me
1367 4140 1476 4193 iuvasse

344 4220 425 4286 grato
444 4219 540 4272 animo
561 4220 705 4275 confiteor.

436 4302 457 4370 ⁴)
477 4304 510 4354 Si
528 4322 584 4370 pro
605 4307 705 4372 putria
728 4320 819 4355 urcem
836 4307 954 4360 dixisset
972 4314 997 4359 61
1020 4308 1085 4360 6661.
1107 4308 1231 4376 Goeller;
1255 4311 1410 4362 alicunde

343 4386 461 4439 dixisset
474 4387 540 4440 secl.
549 4389 724 4456 Heerdegen;
739 4404 799 4440 cum
808 4391 875 4444 dicit
881 4394 1304 4460 proAfrisimmututeAfricum
1315 4397 1381 4450 secl.
1390 4393 1473 4447 Halm.
