3240 5252
346 435 388 508 22
791 441 910 498 Petrus
932 440 1023 509 Reis,
1384 436 1471 522 [182]
1588 475 1589 526 3

345 619 470 688 tertium
493 615 647 701 quoddam
669 615 903 684 adnotationum
924 633 1028 700 penos,
1052 613 1133 700 quod
1155 611 1198 682 oc
1221 613 1471 701 orthoprophiom
1588 653 1589 688 2

339 721 474 806 pertinet
496 723 524 790 et
546 717 585 786 ob
606 719 672 802 ipro
689 718 753 784 ium
772 717 902 784 librario
919 715 1037 800 foetum
1056 723 1106 785 est.
1143 715 1244 782 Haud
1257 721 1371 802 paucis
1392 723 1471 786 euim
1588 721 1589 808 J

345 823 416 888 ducis
430 821 521 888 ooooo
536 820 711 892 condenso
730 820 880 906 quasdem
896 819 1053 887 verborum
1067 819 1189 904 forman
1204 830 1378 890 mroooorot
1392 826 1472 890 coti-

345 928 480 1014 quiorm3
509 945 642 1014 quarum
665 922 843 1007 formarum
869 925 994 1012 specim
1017 921 1167 993 cerarios
1193 925 1284 1010 quoti
1311 926 1473 994 admirans

345 1027 402 1094 too
424 1033 497 1096 uoto
519 1028 658 1118 apposito
681 1031 805 1096 neoto
826 1031 884 1090 est:
909 1026 1015 1110 Antip.
1034 1025 1093 1090 oet:
1117 1026 1156 1091 A.
1180 1025 1220 1088 In
1238 1027 1472 1110 subscriptione

346 1134 453 1200 cutem
482 1128 687 1194 Ottobouioni
718 1129 879 1195 corrector
906 1126 945 1192 de
973 1146 1007 1192 se
1034 1127 1103 1210 ipse
1133 1129 1276 1192 nuntiat:
1312 1134 1377 1194 tres
1406 1149 1473 1192 oru-

346 1231 443 1300 torios
466 1230 563 1302 libros
587 1233 756 1310 correctos,
780 1229 974 1312 emendatos
999 1229 1213 1300 conformatos
1233 1235 1265 1296 et
1280 1232 1472 1300 iustificatos

345 1353 416 1406 csse
440 1353 513 1404 cum
537 1331 646 1404 codice
669 1331 833 1405 Laudensi
854 1351 911 1419 per
933 1332 1112 1402 Antonium
1134 1333 1286 1400 Iohannis
1311 1333 1472 1401 Simonem

345 1438 433 1510 Petri
450 1437 578 1508 Bossios
602 1442 634 1505 et
656 1455 690 1505 oe
706 1436 914 1506 muosoom
930 1435 1114 1518 Viglevium
1130 1435 1170 1500 de
1186 1437 1337 1507 Ardioiis.
1364 1437 1473 1516 Qualis
1588 1489 1589 1520 p

345 1540 526 1610 communis
553 1539 651 1608 trium
681 1538 809 1606 illorum
836 1538 1002 1602 hominum
1032 1538 1198 1602 doctorum
1230 1538 1320 1620 labor
1353 1541 1472 1608 codicis
1588 1627 1589 1634 ἵ

346 1641 537 1712 emendandi
565 1642 698 1724 cogitari
721 1641 830 1724 possit,
859 1640 943 1704 haud
968 1639 1050 1704 mele
1075 1643 1209 1724 exponit
1230 1641 1416 1706 Fridericus
1439 1645 1471 1706 in

344 1743 750 1824 Fleckeis.aunul.(18871
776 1744 847 1824 135,
867 1744 908 1806 78
938 1743 1034 1824 atque
1057 1742 1144 1808 idem
1167 1741 1247 1812 inO
1273 1745 1369 1814 etium
1401 1751 1473 1812 nota
1588 1719 1589 1764 t

345 1847 399 1914 oet'
419 1847 561 1933 apposita
585 1845 739 1928 quosdam
761 1844 883 1912 nullius
904 1844 1055 1927 ponderis
1080 1851 1277 1916 correcturas
1297 1847 1470 1932 adscriptas

345 1968 415 2014 esse
437 1948 557 2015 ibidem
581 1948 809 2016 demonstravit
832 1951 864 2012 et
886 1965 956 2014 sese
975 1947 1009 2014 in
1030 1946 1055 2010 0
1075 1952 1107 2014 et
1129 1948 1164 2016 in
1182 1947 1209 2016 P
1228 1967 1246 2012 e
1265 1949 1355 2012 vario
1376 1951 1471 2034 scrip-

345 2057 435 2120 turue
449 2051 548 2120 ductu
560 2051 740 2137 complures
756 2052 945 2134 cognovisse
961 2056 1157 2118 correctores
1174 2052 1358 2116 affirmavit.
1381 2053 1471 2118 Sede
1588 2103 1589 2134 p

343 2153 500 2223 Friderioi
524 2159 557 2217 et
570 2153 786 2236 Heerdegeuii
810 2154 960 2238 opinione
984 2152 1076 2218 valde
1100 2154 1249 2221 obhorret
1268 2154 1431 2239 Stanglius
1441 2157 1470 2238 ¹),

345 2255 402 2342 qui
424 2255 597 2322 admodum
622 2254 779 2324 mirabilia
802 2255 880 2324 hacc
903 2254 1041 2340 profert:
1067 2256 1138 2322 ‘Die
1160 2257 1416 2326 Emendationen
1437 2260 1470 2322 in
1588 2249 1589 2298 t

346 2357 440 2439 0(=
459 2357 520 2439 0²),
552 2377 603 2425 arn
625 2357 737 2422 Rande
767 2357 968 2444 ongebrooht,
1000 2358 1072 2424 sind
1103 2359 1268 2444 doppelter
1295 2363 1373 2426 Art:
1406 2367 1470 2426 ent·
1588 2433 1589 2438 ἵ

344 2459 453 2524 weder
470 2462 513 2525 ist
531 2459 587 2524 dos
604 2458 688 2542 Sigel
704 2459 768 2524 vet’
792 2461 838 2542 (π
854 2465 946 2523 vetus
963 2461 1077 2540 codex)
1092 2461 1172 2528 tiber
1188 2463 1234 2534 sie
1253 2464 1469 2546 gesehrieben,
1588 2450 1589 2532 t

345 2563 423 2628 oder
446 2563 478 2626 at
500 2583 558 2626 vor
581 2564 636 2626 sie.
664 2561 765 2626 Beide
780 2562 915 2626 Klassen
939 2568 1094 2627 stammen
1117 2565 1200 2627 nach
1224 2565 1297 2629 dem
1314 2566 1472 2636 Wortleut
1588 2569 1589 2580 ¹

346 2667 403 2736 der
423 2666 622 2754 subscriptio,
646 2666 767 2734 welche
792 2667 898 2749 einnig
913 2686 976 2733 von
991 2666 1083 2732 einer
1097 2667 1311 2733 Emendation
1327 2689 1385 2737 uus
1402 2670 1471 2733 dem
1588 2695 1589 2706 ¹

345 2770 551 2855 Archetypus
574 2768 752 2836 Loudeusis
784 2768 912 2852 spricht,
943 2788 1001 2836 aus
1023 2769 1059 2851 L,
1089 2769 1156 2836 und
1179 2791 1264 2836 uwur
1291 2772 1398 2854 geben
1422 2771 1470 2836 die

344 2873 408 2941 uet'
432 2872 495 2938 deu
511 2871 593 2940 Text
615 2891 665 2954 on,
690 2871 741 2937 die
766 2870 799 2937 ut
813 2870 999 2948 Varianten,
1025 2871 1076 2938 die
1099 2873 1262 2942 uuischen
1285 2873 1349 2940 deu
1366 2874 1471 2941 Zeilen
1588 2851 1589 2886 ἢ

345 2974 424 3042 oder
439 2994 490 3044 om
504 2973 616 3046 Rsnde
633 2973 690 3038 der
705 2973 791 3044 ulter
806 2973 1018 3062 Hondsohriit
1033 2975 1093 3042 seit
1108 2975 1199 3044 mehr
1214 2975 1261 3044 nls
1273 2977 1339 3040 400
1352 2977 1374 3042 J
1376 2975 1483 3046 obren‘

344 3075 531 3162 gesummelt
549 3075 680 3146 worden
701 3077 827 3148 woren'.
857 3075 1088 3147 Examinemus
1112 3077 1252 3150 breviter
1274 3079 1363 3147 illem
1382 3100 1472 3164 orgu-
1534 3081 1539 3098 ¹

344 3180 582 3250 monterionem.
612 3177 699 3248 Nou
723 3198 766 3250 ex
789 3198 835 3260 ec,
864 3178 950 3264 quod
974 3199 1040 3247 non
1064 3199 1176 3250 omnes
1199 3186 1398 3248 correctores
1421 3181 1472 3247 ad·

345 3283 551 3365 scripserunt,
579 3281 666 3352 uude
689 3281 832 3363 singulos
856 3283 1055 3352 correcturos
1079 3285 1316 3372 prompsissent,
1341 3291 1472 3356 cuneos

345 3405 387 3460 ox
410 3405 475 3458 uuo
504 3385 559 3454 illc
584 3384 694 3456 codiee
723 3384 779 3466 qui
800 3383 949 3456 louootur
971 3385 1107 3454 fluxisse
1139 3385 1305 3455 officitur?
1339 3387 1473 3454 Accedit

345 3489 481 3553 alterum
511 3486 671 3569 quoddam
702 3489 771 3551 eius
801 3487 897 3568 modi,
926 3494 962 3549 ut
983 3487 1111 3551 facilius
1139 3488 1282 3552 adducar
1309 3489 1350 3552 ad
1373 3491 1471 3573 ipsius
1588 3561 1589 3584 ἶ

344 3591 442 3656 verba
463 3593 498 3660 io
520 3593 627 3674 ipsum
649 3591 846 3670 adhibenda:
876 3592 1119 3656 Uuentwirrhcr
1147 3612 1204 3675 gur
1227 3591 1294 3662 und
1318 3593 1392 3656 bloss
1416 3594 1471 3656 mit

346 3692 1470 3776 einemgordisoheuSehwertstreicheuuzerhuuenistderhistorisohe

345 3795 483 3880 Knoten‚
514 3797 576 3860 den
599 3834 642 3842 —
667 3797 792 3880 surgis
816 3797 1004 3885 Hypothese
1027 3798 1205 3864 involviert.
1241 3799 1294 3861 An
1320 3798 1471 3881 quadrin-

345 3901 449 3982 gentis
473 3900 574 3982 unniS,
605 3919 742 3987 quorum
773 3904 851 3986 quot
873 3898 1000 3965 abditus
1025 3906 1057 3966 et
1079 3900 1235 3968 obscurus
1258 3901 1293 3962 in
1318 3901 1470 3965 ecclesiae

345 4001 522 4066 Laudensis
538 4003 679 4067 archivio
698 4002 752 4065 ille
772 4002 877 4066 codex
894 4002 1025 4070 latuerit
1040 4003 1134 4086 plane
1150 4003 1345 4085 ignoramus,
1370 4003 1470 4066 verius

345 4105 500 4168 lectiones
522 4107 556 4168 in
581 4125 617 4169 eo
642 4104 817 4188 adscriptas
841 4124 911 4170 esse
927 4105 1043 4188 putas?
1068 4105 1150 4169 Nam
1166 4106 1194 4168 si
1210 4105 1295 4169 haud
1312 4105 1356 4168 ito
1372 4104 1470 4167 multo

346 4213 514 4288 postquem
537 4209 674 4292 scriptus
698 4212 747 4272 est
763 4208 827 4270 iam
843 4209 977 4290 periisse
994 4226 1067 4271 enm
1084 4210 1192 4290 (atque
1209 4208 1278 4271 eius
1298 4205 1469 4291 exemplar)

441 4359 458 4427 1)
478 4359 517 4412 ei.
537 4360 555 4413 f.
574 4358 601 4412 o.
622 4357 652 4412 c.
665 4321 763 4428 ¹(1885)
781 4359 824 4428 21,
837 4359 872 4412 45
892 4361 919 4412 et
939 4359 998 4413 119.
