3240 5252
133 451 225 536 [239]
406 507 407 510 ,
579 459 677 514 Studia
697 458 834 514 Tulliana.
1230 459 1273 520 79

133 638 164 694 et
188 633 257 695 240
285 632 466 694 disserunt:
491 650 548 713 pro
572 631 625 696 illo
650 635 825 714 immutat)
850 652 883 696 se
907 638 1148 715 exspectaturos
1171 635 1274 700 fuisse

131 736 334 800 immutauolo
347 737 439 818 pouit
458 754 495 798 ao
513 753 548 798 se
567 735 721 815 dubitare,
745 755 824 797 num
843 736 972 799 omnino
991 744 1120 817 mutare,
1139 759 1273 804 commu·

132 845 207 919 tare,
225 841 399 902 immutare
411 839 456 899 ita
468 837 531 900 dici
547 838 678 920 possint,
694 842 731 900 ut
742 838 878 901 induant
890 841 955 900 vim
971 839 1059 902 aliud
1074 861 1131 922 pro
1145 842 1205 904 alio
1219 863 1273 906 ac-

132 942 290 1026 cipiendi.
317 940 432 1022 ltaque
445 940 630 1004 adverbium
644 941 729 1022 quod
747 946 795 1004 est
809 945 968 1006 immutate
985 963 1026 1006 ex
1038 945 1068 1006 A
1081 945 1223 1026 recipere
1241 953 1274 1010 et

131 1051 203 1128 post
227 1045 263 1107 id
289 1043 480 1107 adverbium
504 1044 630 1108 adicere
654 1044 761 1106 malim
787 1045 989 1128 participium
1013 1067 1141 1111 sameas.
1178 1047 1273 1123 Quod

131 1169 245 1232 promo
260 1149 400 1232 petitum
414 1165 455 1210 ex
466 1147 515 1210 De
528 1167 571 1210 or.
585 1148 603 1210 l.
616 1147 673 1229 ΙΙΙ,
689 1149 749 1210 167
760 1170 766 1210 :
779 1169 840 1232 pro
852 1148 947 1230 Afris
957 1157 1000 1214 est
1011 1157 1133 1234 sumpla
1145 1150 1271 1233 Africo.

131 1251 311 1315 Nonnullis
325 1250 397 1313 aliis
409 1250 487 1313 locis
501 1251 595 1313 huius
612 1251 769 1313 similibus
785 1252 1003 1334 confirmatur,
1019 1252 1109 1315 velut
1121 1252 1173 1315 Or.
1183 1255 1201 1335 ξ
1213 1257 1270 1318 92:

131 1361 294 1439 sumptum
318 1374 356 1417 ea
379 1374 412 1416 re
431 1353 537 1438 eliqua
555 1357 757 1438 eoumqueutu
784 1353 867 1417 Lael.
886 1355 903 1434 ἕ
921 1355 980 1417 38;
1005 1376 1043 1418 eu
1065 1354 1119 1418 hoc
1143 1377 1272 1423 numero

130 1459 217 1522 uobis
241 1457 384 1541 exempla
407 1457 555 1520 sumendo
578 1463 665 1535 suut;
691 1456 730 1518 ad
754 1456 830 1520 Her.
846 1456 864 1518 l.
881 1456 937 1536 IV,
956 1459 1013 1519 59:
1039 1459 1208 1523 similitudo
1229 1470 1273 1526 est

130 1564 233 1626 oratio
258 1561 426 1624 traducens
444 1559 488 1622 ad
505 1580 570 1624 rem
589 1562 767 1644 quampiam
783 1560 956 1644 aliquidem
970 1581 1004 1623 re
1019 1562 1142 1644 dispari
1163 1565 1272 1628 mmile.

131 1663 182 1728 Ea
206 1666 348 1728 sumitur
371 1668 425 1725 aut
448 1663 584 1740 arraudi
606 1683 699 1726 eausa
723 1681 748 1724 e.
766 1682 793 1742 q.
811 1681 834 1724 s.

222 1766 338 1828 Restat
368 1765 512 1845 quaestio
541 1764 735 1827 difficillima
758 1765 951 1828 diiudicata:
982 1787 1045 1848 quo
1073 1766 1166 1829 modo
1191 1771 1271 1831 scri-

130 1868 276 1932 bendum
297 1867 391 1930 nobis
415 1867 455 1930 sit
473 1868 612 1949 primum
631 1867 711 1930 illud
731 1868 922 1950 exemplum,
942 1874 1051 1932 utrum
1070 1869 1270 1954 Lambinum,

131 1971 325 2055 Stanglium,
351 1969 542 2050 Sandysium
569 1971 697 2050 secutis,
720 1975 757 2032 ut
780 1972 881 2052 ipsius
905 1971 1152 2034 Andromachae
1176 1976 1270 2036 resti-

130 2080 268 2138 tuantur
286 2072 400 2136 verba:
425 2095 495 2137 aree
517 2081 546 2137 et
565 2073 637 2138 urbe
655 2074 729 2140 orba
744 2094 821 2154 sum,
838 2093 877 2135 an
898 2075 983 2135 ‘cum
1000 2075 1034 2136 in
1050 2074 1162 2138 eadem
1178 2095 1270 2157 para-

129 2179 254 2262 grapho
272 2177 374 2239 alium
385 2175 483 2238 Ennii
496 2195 641 2240 versum:
656 2177 817 2240 horridam
830 2176 976 2259 Africam
993 2177 1126 2240 terribili
1141 2183 1270 2244 tremere

129 2283 269 2346 tumultu
289 2280 434 2342 oratione
458 2279 587 2360 obliqua
604 2280 747 2361 attigisse
771 2280 846 2342 satis
866 2279 1014 2342 habuerit
1031 2279 1153 2358 Cicero,
1176 2279 1269 2344 illum

129 2387 274 2467 priorem
306 2382 405 2444 simili
433 2381 527 2444 modo
556 2383 698 2464 attigisse
727 2383 812 2445 eum'
841 2384 1042 2464 suspicemur
1070 2385 1164 2463 atque
1193 2403 1267 2447 cum

129 2486 360 2569 Heerdegenio
377 2485 466 2568 (prol.
479 2505 546 2567 pag.
558 2485 720 2566 XXXIII)
736 2486 930 2548 scribamus:
947 2507 1018 2550 aree
1032 2493 1060 2550 et
1076 2487 1149 2549 urbe
1162 2487 1268 2551 orbem

128 2593 209 2671 (scil.
231 2589 514 2671 Andromacham).
546 2589 703 2669 Equidem
728 2589 762 2650 in
787 2589 935 2652 codicum
953 2588 980 2651 L
1004 2593 1035 2650 et
1055 2590 1083 2651 A
1104 2593 1269 2653 communi

1 2733 3 2750 t
128 2694 220 2757 toute
250 2691 415 2756 exstitisse
444 2711 517 2755 reor
542 2690 1009 2772 AROEMURBEMORBAM,
1041 2697 1109 2753 turn
1136 2693 1171 2753 in
1196 2695 1267 2756 Ae

1 2813 2 2824 ¹
128 2799 235 2880 prima
259 2797 368 2858 littera
387 2793 421 2856 M
445 2813 552 2858 errore
576 2802 660 2858 ortas
680 2813 749 2858 esse
780 2795 824 2876 M,
848 2796 883 2856 in
901 2794 928 2857 L
946 2793 1100 2857 voeabula
1119 2817 1221 2859 arcem
1239 2804 1268 2861 et

127 2902 238 2966 urbem
263 2899 355 2963 orbes
376 2897 455 2978 (scil.
476 2897 613 2982 civibus)
638 2918 656 2961 a
679 2898 807 2960 librario
832 2916 890 2960 suo
914 2917 956 2960 ex
975 2898 1104 2980 ingenio
1125 2904 1268 2960 correcta

127 3003 281 3082 inveniri,
312 3020 388 3064 cum
416 3001 443 3063 is
467 3019 595 3081 quoque
619 3000 768 3063 librarius
792 3001 911 3082 pariter
934 3020 971 3062 ac
995 2999 1140 3080 Palatini,
1169 3019 1267 3080 quem

127 3125 229 3189 supra
257 3105 517 3185 commemoravi,
545 3109 672 3187 poetam
701 3103 740 3166 de
768 3102 849 3166 urbe
878 3102 1003 3165 civibus
1032 3103 1155 3184 privata
1177 3102 1266 3183 loqui

126 3209 259 3291 putarit.
295 3206 399 3282 Quam
420 3206 458 3268 ob
478 3225 545 3269 rem
556 3216 636 3270 'oum
653 3206 878 3288 Heerdegenio
896 3206 1070 3268 orationem
1088 3205 1265 3285 obliquam:

126 3334 199 3377 aree
222 3319 252 3376 et
278 3310 353 3374 urbe
376 3311 481 3374 orbam
505 3315 610 3373 rectae
634 3309 788 3392 praeiere.

218 3417 332 3495 Atque
357 3417 393 3474 ut
421 3432 503 3494 quae
528 3415 663 3495 exposui
693 3412 893 3495 complectar,
922 3411 1003 3473 hane
1032 3411 1266 3493 paragraphum

126 3519 172 3583 ita
183 3516 365 3583 sanandam
378 3515 495 3596 iudicO,
509 3521 546 3578 ut
557 3516 729 3578 scribatur:
752 3516 840 3595 Quod
851 3536 1036 3600 quemquem
1050 3513 1266 3596 transferendo

124 3622 166 3705 fit,
187 3630 297 3688 lamere
316 3619 379 3682 alio
397 3620 485 3683 modo
504 3619 580 3699 (scil.
598 3637 656 3700 per
671 3618 900 3700 metaphoram)
916 3618 1084 3699 transtulit,
1099 3638 1168 3681 eum
1184 3617 1267 3682 dixit

127 3725 273 3790 Bauius:
300 3742 372 3785 aree
394 3728 422 3784 et
441 3721 515 3785 urbe
533 3722 647 3802 orbam,
670 3722 838 3786 ullomodo
862 3720 939 3802 (soil.
956 3739 1013 3801 per
1038 3720 1265 3800 metonymiam

127 3825 370 3905 transtulisset),
385 3827 413 3888 si
428 3828 604 3909 propatriu
615 3846 715 3889 arcem
728 3825 860 3905 dixisset,
876 3824 934 3904 etl)
950 3822 1028 3905 (soil.
1043 3824 1152 3886 ecdem
1170 3821 1264 3885 modo

1 3979 2 4014 3
127 3929 304 4008 transtulit)
320 3926 485 3991 horridam
497 3928 524 3990 Α
528 3927 643 4010 frieem
656 3927 789 3991 terribili
804 3934 931 3990 tremere
946 3927 1081 3989 tumultu
1096 3947 1165 3989 eum
1181 3924 1265 4007 dicit,

121 4055 183 4118 pro
206 4032 307 4116 Afris
330 4033 490 4094 immutate
513 4029 679 4102 (sumeris)
701 4029 857 4112 Africam.

217 4136 236 4218 ξ
257 4135 311 4197 94.
336 4131 406 4214 His,
426 4132 465 4197 de
482 4121 599 4214 quibus
616 4134 674 4215 egi,
701 4134 868 4215 utriusque
889 4132 971 4214 tropi
987 4132 1143 4214 exemplis
1162 4129 1266 4193 allatis

221 4282 240 4352 ¹)
260 4283 391 4332 immutat
410 4278 431 4330 L
450 4281 591 4330 immutate
609 4278 639 4330 A.

218 4367 240 4436 ²)
261 4367 360 4419 Bruno
379 4363 441 4416 Keil
461 4363 532 4417 coni.
544 4370 574 4414 ut
594 4366 621 4416 et
640 4365 706 4415 ante
725 4362 856 4427 Africam
876 4360 955 4414 addit
973 4362 1048 4415 dicit.
