<?xml version="1.0" encoding="UTF-8"?>
<!DOCTYPE html PUBLIC "-//W3C//DTD XHTML 1.0 Transitional//EN"
    "http://www.w3.org/TR/xhtml1/DTD/xhtml1-transitional.dtd">
<html xmlns="http://www.w3.org/1999/xhtml" xml:lang="en" lang="en">
 <head>
  <title>
</title>
<meta http-equiv="Content-Type" content="text/html;charset=utf-8" />
  <meta name='ocr-system' content='tesseract 3.04.00' />
  <meta name='ocr-capabilities' content='ocr_page ocr_carea ocr_par ocr_line ocrx_word'/>
</head>
<body>
  <div class='ocr_page' id='page_1' title='image "./dissertationesp01unkngoog_0192.png"; bbox 0 0 3240 5252; ppageno 0'>
   <div class='ocr_carea' id='block_1_1' title="bbox 151 465 1287 551">
    <p class='ocr_par' dir='ltr' id='par_1_1' title="bbox 151 465 1287 551">
     <span class='ocr_line' id='line_1_1' title="bbox 151 465 1287 551; baseline -0.008 -19"><span class='ocrx_word' id='word_1_1' title='bbox 151 465 242 551; x_wconf 78' lang='lat'>[167]</span> <span class='ocrx_word' id='word_1_2' title='bbox 596 471 694 528; x_wconf 88' lang='lat' dir='ltr'>Studia</span> <span class='ocrx_word' id='word_1_3' title='bbox 713 471 849 527; x_wconf 84' lang='lat' dir='ltr'>Tulliana.</span> <span class='ocrx_word' id='word_1_4' title='bbox 1269 469 1287 530; x_wconf 80' lang='grc'>7</span> 
     </span>
    </p>
   </div>
   <div class='ocr_carea' id='block_1_2' title="bbox 152 642 1289 728">
    <p class='ocr_par' dir='ltr' id='par_1_2' title="bbox 152 642 1289 728">
     <span class='ocr_line' id='line_1_2' title="bbox 152 642 1289 728; baseline -0.008 -11"><span class='ocrx_word' id='word_1_5' title='bbox 152 653 237 718; x_wconf 83' lang='grc'>5111.</span> <span class='ocrx_word' id='word_1_6' title='bbox 253 652 293 716; x_wconf 90' lang='lat' dir='ltr'>de</span> <span class='ocrx_word' id='word_1_7' title='bbox 308 648 455 715; x_wconf 84' lang='lat' dir='ltr'>Leutsch</span> <span class='ocrx_word' id='word_1_8' title='bbox 471 644 621 711; x_wconf 87' lang='lat' dir='ltr'>collatum</span> <span class='ocrx_word' id='word_1_9' title='bbox 636 643 880 728; x_wconf 84' lang='lat' dir='ltr'>diligentissime</span> <span class='ocrx_word' id='word_1_10' title='bbox 899 642 1005 707; x_wconf 90' lang='lat' dir='ltr'>denuo</span> <span class='ocrx_word' id='word_1_11' title='bbox 1022 642 1173 707; x_wconf 88' lang='lat' dir='ltr'>excussit</span> <span class='ocrx_word' id='word_1_12' title='bbox 1197 644 1289 709; x_wconf 89' lang='lat' dir='ltr'>Idem</span> 
     </span>
    </p>
   </div>
   <div class='ocr_carea' id='block_1_3' title="bbox 147 745 1305 3814">
    <p class='ocr_par' dir='ltr' id='par_1_3' title="bbox 147 745 1305 2171">
     <span class='ocr_line' id='line_1_3' title="bbox 152 745 1289 829; baseline -0.007 -10"><span class='ocrx_word' id='word_1_13' title='bbox 152 757 249 819; x_wconf 93' lang='lat' dir='ltr'>homo</span> <span class='ocrx_word' id='word_1_14' title='bbox 272 753 483 818; x_wconf 88' lang='lat' dir='ltr'>doctissimus</span> <span class='ocrx_word' id='word_1_15' title='bbox 507 767 545 812; x_wconf 92' lang='lat' dir='ltr'>ac</span> <span class='ocrx_word' id='word_1_16' title='bbox 567 747 607 812; x_wconf 90' lang='lat' dir='ltr'>de</span> <span class='ocrx_word' id='word_1_17' title='bbox 632 745 764 812; x_wconf 80' lang='lat' dir='ltr'>Oratore</span> <span class='ocrx_word' id='word_1_18' title='bbox 789 745 989 811; x_wconf 88' lang='lat' dir='ltr'>emendando</span> <span class='ocrx_word' id='word_1_19' title='bbox 1013 745 1131 829; x_wconf 87' lang='lat' dir='ltr'>optime</span> <span class='ocrx_word' id='word_1_20' title='bbox 1154 749 1289 812; x_wconf 89' lang='lat' dir='ltr'>meritus</span> 
     </span>
     <span class='ocr_line' id='line_1_4' title="bbox 151 847 1289 933; baseline -0.006 -11"><span class='ocrx_word' id='word_1_21' title='bbox 151 860 281 922; x_wconf 90' lang='lat' dir='ltr'>initium</span> <span class='ocrx_word' id='word_1_22' title='bbox 305 858 377 920; x_wconf 91' lang='lat' dir='ltr'>eius</span> <span class='ocrx_word' id='word_1_23' title='bbox 402 851 504 918; x_wconf 83' lang='lat' dir='ltr'>libelli</span> <span class='ocrx_word' id='word_1_24' title='bbox 526 851 649 915; x_wconf 91' lang='lat' dir='ltr'>nonin</span> <span class='ocrx_word' id='word_1_25' title='bbox 673 851 837 933; x_wconf 81' lang='lat' dir='ltr'>superiore</span> <span class='ocrx_word' id='word_1_26' title='bbox 861 849 968 932; x_wconf 89' lang='lat' dir='ltr'>aliquo</span> <span class='ocrx_word' id='word_1_27' title='bbox 990 847 1176 930; x_wconf 89' lang='lat' dir='ltr'>exemplari,</span> <span class='ocrx_word' id='word_1_28' title='bbox 1201 850 1289 916; x_wconf 91' lang='lat' dir='ltr'>unde</span> 
     </span>
     <span class='ocr_line' id='line_1_5' title="bbox 151 952 1288 1040; baseline -0.009 -13"><span class='ocrx_word' id='word_1_29' title='bbox 151 965 183 1027; x_wconf 88' lang='lat' dir='ltr'>A</span> <span class='ocrx_word' id='word_1_30' title='bbox 205 960 397 1040; x_wconf 79' lang='lat' dir='ltr'>manaverit,</span> <span class='ocrx_word' id='word_1_31' title='bbox 421 955 479 1021; x_wconf 90' lang='lat' dir='ltr'>sed</span> <span class='ocrx_word' id='word_1_32' title='bbox 502 955 537 1017; x_wconf 90' lang='lat' dir='ltr'>in</span> <span class='ocrx_word' id='word_1_33' title='bbox 560 955 621 1018; x_wconf 88' lang='lat' dir='ltr'>hoc</span> <span class='ocrx_word' id='word_1_34' title='bbox 638 955 708 1038; x_wconf 90' lang='lat' dir='ltr'>ipso</span> <span class='ocrx_word' id='word_1_35' title='bbox 733 990 775 999; x_wconf 89' lang='lat'>—</span> <span class='ocrx_word' id='word_1_36' title='bbox 800 953 932 1035; x_wconf 89' lang='lat' dir='ltr'>abrepto</span> <span class='ocrx_word' id='word_1_37' title='bbox 951 952 1074 1016; x_wconf 89' lang='lat' dir='ltr'>scilicet</span> <span class='ocrx_word' id='word_1_38' title='bbox 1095 957 1161 1017; x_wconf 92' lang='lat' dir='ltr'>toto</span> <span class='ocrx_word' id='word_1_39' title='bbox 1184 954 1288 1037; x_wconf 91' lang='lat' dir='ltr'>primo</span> 
     </span>
     <span class='ocr_line' id='line_1_6' title="bbox 152 1054 1288 1144; baseline -0.006 -17"><span class='ocrx_word' id='word_1_40' title='bbox 152 1065 223 1128; x_wconf 90' lang='lat' dir='ltr'>eius</span> <span class='ocrx_word' id='word_1_41' title='bbox 234 1060 451 1144; x_wconf 82' lang='lat' dir='ltr'>quaternione</span> <span class='ocrx_word' id='word_1_42' title='bbox 459 1094 501 1103; x_wconf 89' lang='lat'>—</span> <span class='ocrx_word' id='word_1_43' title='bbox 510 1055 711 1120; x_wconf 77' lang='lat' dir='ltr'>intercidisse</span> <span class='ocrx_word' id='word_1_44' title='bbox 721 1055 922 1138; x_wconf 84' lang='lat' dir='ltr'>argutissime</span> <span class='ocrx_word' id='word_1_45' title='bbox 932 1054 1130 1119; x_wconf 90' lang='lat' dir='ltr'>demonstrat</span> <span class='ocrx_word' id='word_1_46' title='bbox 1140 1057 1171 1136; x_wconf 85' lang='lat'>¹).</span> <span class='ocrx_word' id='word_1_47' title='bbox 1185 1055 1288 1132; x_wconf 83' lang='lat' dir='ltr'>Quam</span> 
     </span>
     <span class='ocr_line' id='line_1_7' title="bbox 152 1157 1288 1248; baseline -0.003 -19"><span class='ocrx_word' id='word_1_48' title='bbox 152 1165 341 1248; x_wconf 91' lang='lat' dir='ltr'>opinionem</span> <span class='ocrx_word' id='word_1_49' title='bbox 358 1183 377 1225; x_wconf 91' lang='grc'>5</span> <span class='ocrx_word' id='word_1_50' title='bbox 392 1159 536 1242; x_wconf 82' lang='lat' dir='ltr'>Stanglio</span> <span class='ocrx_word' id='word_1_51' title='bbox 551 1161 586 1222; x_wconf 91' lang='lat' dir='ltr'>in</span> <span class='ocrx_word' id='word_1_52' title='bbox 607 1158 780 1241; x_wconf 81' lang='grc'>55551155,</span> <span class='ocrx_word' id='word_1_53' title='bbox 800 1159 856 1240; x_wconf 94' lang='lat' dir='ltr'>qui</span> <span class='ocrx_word' id='word_1_54' title='bbox 874 1157 1027 1222; x_wconf 78' lang='lat' dir='ltr'>‘Blaetter</span> <span class='ocrx_word' id='word_1_55' title='bbox 1045 1157 1098 1220; x_wconf 90' lang='grc'>1111</span> <span class='ocrx_word' id='word_1_56' title='bbox 1119 1157 1175 1222; x_wconf 88' lang='lat' dir='ltr'>das</span> <span class='ocrx_word' id='word_1_57' title='bbox 1191 1159 1288 1242; x_wconf 84' lang='lat' dir='ltr'>baye-</span> 
     </span>
     <span class='ocr_line' id='line_1_8' title="bbox 151 1260 1288 1348; baseline -0.004 -16"><span class='ocrx_word' id='word_1_58' title='bbox 151 1269 259 1333; x_wconf 89' lang='lat' dir='ltr'>rische</span> <span class='ocrx_word' id='word_1_59' title='bbox 281 1261 682 1348; x_wconf 86' lang='lat' dir='ltr'>Gymnasialschulwesen’</span> <span class='ocrx_word' id='word_1_60' title='bbox 702 1264 867 1343; x_wconf 83' lang='lat' dir='ltr'>vocantur,</span> <span class='ocrx_word' id='word_1_61' title='bbox 891 1260 951 1325; x_wconf 91' lang='lat' dir='ltr'>vol.</span> <span class='ocrx_word' id='word_1_62' title='bbox 970 1262 1010 1324; x_wconf 88' lang='grc'>21</span> <span class='ocrx_word' id='word_1_63' title='bbox 1031 1280 1101 1343; x_wconf 84' lang='lat' dir='ltr'>pag.</span> <span class='ocrx_word' id='word_1_64' title='bbox 1118 1262 1160 1324; x_wconf 84' lang='lat'>25</span> <span class='ocrx_word' id='word_1_65' title='bbox 1180 1262 1288 1344; x_wconf 86' lang='lat' dir='ltr'>pravis</span> 
     </span>
     <span class='ocr_line' id='line_1_9' title="bbox 152 1361 1305 1449; baseline -0.005 -14"><span class='ocrx_word' id='word_1_66' title='bbox 152 1373 191 1435; x_wconf 90' lang='lat' dir='ltr'>de</span> <span class='ocrx_word' id='word_1_67' title='bbox 208 1370 318 1435; x_wconf 90' lang='lat' dir='ltr'>causis</span> <span class='ocrx_word' id='word_1_68' title='bbox 330 1367 485 1432; x_wconf 82' lang='lat' dir='ltr'>reiectam</span> <span class='ocrx_word' id='word_1_69' title='bbox 495 1364 739 1446; x_wconf 84' lang='lat' dir='ltr'>Heerdegenius</span> <span class='ocrx_word' id='word_1_70' title='bbox 750 1363 785 1425; x_wconf 91' lang='lat' dir='ltr'>in</span> <span class='ocrx_word' id='word_1_71' title='bbox 798 1362 973 1427; x_wconf 88' lang='lat' dir='ltr'>eorundem</span> <span class='ocrx_word' id='word_1_72' title='bbox 986 1361 1150 1426; x_wconf 87' lang='lat' dir='ltr'>annalium</span> <span class='ocrx_word' id='word_1_73' title='bbox 1166 1364 1226 1428; x_wconf 87' lang='lat' dir='ltr'>vol.</span> <span class='ocrx_word' id='word_1_74' title='bbox 1235 1366 1288 1449; x_wconf 83' lang='lat'>22,</span> <span class='ocrx_word' id='word_1_75' title='bbox 1302 1405 1305 1410; x_wconf 91' lang='lat'>-</span> 
     </span>
     <span class='ocr_line' id='line_1_10' title="bbox 153 1464 1288 1554; baseline -0.007 -16"><span class='ocrx_word' id='word_1_76' title='bbox 153 1475 217 1537; x_wconf 87' lang='lat'>100</span> <span class='ocrx_word' id='word_1_77' title='bbox 242 1491 315 1554; x_wconf 90' lang='lat' dir='ltr'>sqq.</span> <span class='ocrx_word' id='word_1_78' title='bbox 340 1468 486 1533; x_wconf 86' lang='lat' dir='ltr'>defendit</span> <span class='ocrx_word' id='word_1_79' title='bbox 509 1464 758 1531; x_wconf 84' lang='lat' dir='ltr'>acclamantibus</span> <span class='ocrx_word' id='word_1_80' title='bbox 779 1464 1005 1548; x_wconf 67' lang='lat' dir='ltr'>Sabbadinior)</span> <span class='ocrx_word' id='word_1_81' title='bbox 1029 1486 1067 1531; x_wconf 90' lang='lat' dir='ltr'>ac</span> <span class='ocrx_word' id='word_1_82' title='bbox 1090 1466 1288 1551; x_wconf 67' lang='lat' dir='ltr'>sandysioq,</span> 
     </span>
     <span class='ocr_line' id='line_1_11' title="bbox 152 1568 1290 1659; baseline -0.004 -20"><span class='ocrx_word' id='word_1_83' title='bbox 152 1576 208 1659; x_wconf 92' lang='lat' dir='ltr'>qui</span> <span class='ocrx_word' id='word_1_84' title='bbox 231 1577 305 1657; x_wconf 91' lang='lat' dir='ltr'>ipse</span> <span class='ocrx_word' id='word_1_85' title='bbox 330 1589 460 1656; x_wconf 90' lang='lat' dir='ltr'>quoque</span> <span class='ocrx_word' id='word_1_86' title='bbox 484 1568 512 1632; x_wconf 90' lang='lat' dir='ltr'>A</span> <span class='ocrx_word' id='word_1_87' title='bbox 534 1569 689 1651; x_wconf 83' lang='lat' dir='ltr'>inspexit,</span> <span class='ocrx_word' id='word_1_88' title='bbox 713 1571 824 1650; x_wconf 84' lang='lat' dir='ltr'>utpote</span> <span class='ocrx_word' id='word_1_89' title='bbox 851 1575 904 1632; x_wconf 92' lang='lat' dir='ltr'>not</span> <span class='ocrx_word' id='word_1_90' title='bbox 925 1571 1120 1635; x_wconf 69' lang='grc'>1555555155(</span> <span class='ocrx_word' id='word_1_91' title='bbox 1142 1571 1217 1635; x_wconf 78' lang='lat' dir='ltr'>with</span> <span class='ocrx_word' id='word_1_92' title='bbox 1239 1570 1290 1635; x_wconf 78' lang='lat' dir='ltr'>tlte</span> 
     </span>
     <span class='ocr_line' id='line_1_12' title="bbox 147 1670 1288 1765; baseline -0.007 -21"><span class='ocrx_word' id='word_1_93' title='bbox 147 1685 274 1765; x_wconf 81' lang='lat' dir='ltr'>present</span> <span class='ocrx_word' id='word_1_94' title='bbox 290 1695 483 1762; x_wconf 79' lang='lat' dir='ltr'>appearance</span> <span class='ocrx_word' id='word_1_95' title='bbox 498 1672 537 1754; x_wconf 83' lang='lat' dir='ltr'>of</span> <span class='ocrx_word' id='word_1_96' title='bbox 547 1672 596 1737; x_wconf 83' lang='lat' dir='ltr'>the</span> <span class='ocrx_word' id='word_1_97' title='bbox 611 1671 740 1758; x_wconf 79' lang='lat' dir='ltr'>bindinp</span> <span class='ocrx_word' id='word_1_98' title='bbox 755 1670 793 1752; x_wconf 83' lang='lat' dir='ltr'>of</span> <span class='ocrx_word' id='word_1_99' title='bbox 806 1671 855 1735; x_wconf 80' lang='lat' dir='ltr'>the</span> <span class='ocrx_word' id='word_1_100' title='bbox 869 1674 1071 1757; x_wconf 81' lang='lat' dir='ltr'>manuscript.</span> <span class='ocrx_word' id='word_1_101' title='bbox 1095 1673 1288 1737; x_wconf 71' lang='lat' dir='ltr'>Aratorem</span> 
     </span>
     <span class='ocr_line' id='line_1_13' title="bbox 150 1772 1289 1846; baseline -0.004 -2"><span class='ocrx_word' id='word_1_102' title='bbox 150 1782 304 1846; x_wconf 88' lang='lat' dir='ltr'>lacunam</span> <span class='ocrx_word' id='word_1_103' title='bbox 319 1781 385 1842; x_wconf 89' lang='lat' dir='ltr'>iam</span> <span class='ocrx_word' id='word_1_104' title='bbox 402 1779 437 1840; x_wconf 90' lang='grc'>15</span> <span class='ocrx_word' id='word_1_105' title='bbox 456 1775 544 1839; x_wconf 88' lang='grc'>15515</span> <span class='ocrx_word' id='word_1_106' title='bbox 560 1774 648 1837; x_wconf 90' lang='lat' dir='ltr'>illius</span> <span class='ocrx_word' id='word_1_107' title='bbox 664 1772 873 1838; x_wconf 87' lang='lat' dir='ltr'>Abrincensis</span> <span class='ocrx_word' id='word_1_108' title='bbox 893 1773 1055 1839; x_wconf 88' lang='lat' dir='ltr'>exstitisse</span> <span class='ocrx_word' id='word_1_109' title='bbox 1073 1776 1159 1839; x_wconf 90' lang='lat' dir='ltr'>inter</span> <span class='ocrx_word' id='word_1_110' title='bbox 1177 1795 1289 1840; x_wconf 89' lang='lat' dir='ltr'>omncs</span> 
     </span>
     <span class='ocr_line' id='line_1_14' title="bbox 152 1876 1289 1963; baseline -0.005 -15"><span class='ocrx_word' id='word_1_111' title='bbox 152 1888 289 1949; x_wconf 87' lang='lat' dir='ltr'>constat.</span> <span class='ocrx_word' id='word_1_112' title='bbox 314 1881 385 1958; x_wconf 84' lang='lat' dir='ltr'>Quo</span> <span class='ocrx_word' id='word_1_113' title='bbox 405 1878 500 1942; x_wconf 93' lang='lat' dir='ltr'>modo</span> <span class='ocrx_word' id='word_1_114' title='bbox 519 1877 654 1941; x_wconf 81' lang='lat' dir='ltr'>fortasse</span> <span class='ocrx_word' id='word_1_115' title='bbox 672 1876 719 1939; x_wconf 93' lang='lat' dir='ltr'>ibi</span> <span class='ocrx_word' id='word_1_116' title='bbox 742 1878 785 1940; x_wconf 90' lang='lat' dir='ltr'>sit</span> <span class='ocrx_word' id='word_1_117' title='bbox 803 1880 879 1957; x_wconf 83' lang='lat' dir='ltr'>orta,</span> <span class='ocrx_word' id='word_1_118' title='bbox 899 1876 985 1940; x_wconf 92' lang='lat' dir='ltr'>haud</span> <span class='ocrx_word' id='word_1_119' title='bbox 1004 1877 1085 1941; x_wconf 89' lang='lat' dir='ltr'>male</span> <span class='ocrx_word' id='word_1_120' title='bbox 1104 1880 1289 1963; x_wconf 89' lang='lat' dir='ltr'>suspicatur</span> 
     </span>
     <span class='ocr_line' id='line_1_15' title="bbox 152 1978 1289 2069; baseline -0.005 -19"><span class='ocrx_word' id='word_1_121' title='bbox 152 1984 380 2069; x_wconf 69' lang='lat' dir='ltr'>Sandysius4),</span> <span class='ocrx_word' id='word_1_122' title='bbox 409 2002 484 2047; x_wconf 91' lang='lat' dir='ltr'>cum</span> <span class='ocrx_word' id='word_1_123' title='bbox 507 1981 593 2044; x_wconf 86' lang='lat' dir='ltr'>tertii</span> <span class='ocrx_word' id='word_1_124' title='bbox 622 1979 842 2062; x_wconf 88' lang='lat' dir='ltr'>quaternionis</span> <span class='ocrx_word' id='word_1_125' title='bbox 869 1978 1033 2044; x_wconf 87' lang='lat' dir='ltr'>binioncm</span> <span class='ocrx_word' id='word_1_126' title='bbox 1060 1981 1202 2045; x_wconf 91' lang='lat' dir='ltr'>medium</span> <span class='ocrx_word' id='word_1_127' title='bbox 1230 2001 1289 2046; x_wconf 91' lang='lat' dir='ltr'>ox-</span> 
     </span>
     <span class='ocr_line' id='line_1_16' title="bbox 153 2088 457 2171; baseline -0.023 -17"><span class='ocrx_word' id='word_1_128' title='bbox 153 2090 274 2155; x_wconf 89' lang='lat' dir='ltr'>cidisse</span> <span class='ocrx_word' id='word_1_129' title='bbox 298 2088 457 2171; x_wconf 88' lang='lat' dir='ltr'>opinetur.</span> 
     </span>
    </p>

    <p class='ocr_par' dir='ltr' id='par_1_4' title="bbox 150 2185 1289 2784">
     <span class='ocr_line' id='line_1_17' title="bbox 241 2185 1288 2271; baseline -0.005 -14"><span class='ocrx_word' id='word_1_130' title='bbox 241 2192 364 2271; x_wconf 86' lang='lat' dir='ltr'>Restat,</span> <span class='ocrx_word' id='word_1_131' title='bbox 373 2193 410 2253; x_wconf 89' lang='lat' dir='ltr'>ut</span> <span class='ocrx_word' id='word_1_132' title='bbox 420 2187 459 2252; x_wconf 90' lang='lat' dir='ltr'>de</span> <span class='ocrx_word' id='word_1_133' title='bbox 471 2185 629 2251; x_wconf 88' lang='lat' dir='ltr'>codicisA</span> <span class='ocrx_word' id='word_1_134' title='bbox 641 2185 876 2251; x_wconf 88' lang='lat' dir='ltr'>correctoribus</span> <span class='ocrx_word' id='word_1_135' title='bbox 884 2204 987 2269; x_wconf 89' lang='lat' dir='ltr'>pauca</span> <span class='ocrx_word' id='word_1_136' title='bbox 995 2185 1157 2249; x_wconf 88' lang='lat' dir='ltr'>disseram.</span> <span class='ocrx_word' id='word_1_137' title='bbox 1173 2187 1288 2252; x_wconf 89' lang='lat' dir='ltr'>Plures</span> 
     </span>
     <span class='ocr_line' id='line_1_18' title="bbox 154 2289 1289 2373; baseline -0.006 -14"><span class='ocrx_word' id='word_1_138' title='bbox 154 2297 240 2359; x_wconf 92' lang='lat' dir='ltr'>enim</span> <span class='ocrx_word' id='word_1_139' title='bbox 256 2293 362 2356; x_wconf 83' lang='lat' dir='ltr'>fuisse</span> <span class='ocrx_word' id='word_1_140' title='bbox 378 2290 532 2373; x_wconf 88' lang='lat' dir='ltr'>suspicor,</span> <span class='ocrx_word' id='word_1_141' title='bbox 552 2290 628 2372; x_wconf 88' lang='lat' dir='ltr'>quia</span> <span class='ocrx_word' id='word_1_142' title='bbox 643 2292 844 2355; x_wconf 88' lang='lat' dir='ltr'>correcturas</span> <span class='ocrx_word' id='word_1_143' title='bbox 863 2289 978 2372; x_wconf 85' lang='lat' dir='ltr'>partim</span> <span class='ocrx_word' id='word_1_144' title='bbox 994 2290 1153 2371; x_wconf 86' lang='lat' dir='ltr'>exipsius</span> <span class='ocrx_word' id='word_1_145' title='bbox 1168 2290 1289 2354; x_wconf 88' lang='lat' dir='ltr'>Abrin-</span> 
     </span>
     <span class='ocr_line' id='line_1_19' title="bbox 153 2391 1286 2476; baseline -0.004 -14"><span class='ocrx_word' id='word_1_146' title='bbox 153 2398 260 2462; x_wconf 90' lang='lat' dir='ltr'>censis</span> <span class='ocrx_word' id='word_1_147' title='bbox 285 2394 387 2476; x_wconf 84' lang='lat' dir='ltr'>fonte,</span> <span class='ocrx_word' id='word_1_148' title='bbox 412 2394 529 2476; x_wconf 86' lang='lat' dir='ltr'>partim</span> <span class='ocrx_word' id='word_1_149' title='bbox 552 2412 594 2456; x_wconf 95' lang='lat' dir='ltr'>ex</span> <span class='ocrx_word' id='word_1_150' title='bbox 617 2393 678 2458; x_wconf 86' lang='lat' dir='ltr'>alio</span> <span class='ocrx_word' id='word_1_151' title='bbox 702 2391 879 2474; x_wconf 89' lang='lat' dir='ltr'>exemplari</span> <span class='ocrx_word' id='word_1_152' title='bbox 902 2395 1043 2474; x_wconf 87' lang='lat' dir='ltr'>sumptas</span> <span class='ocrx_word' id='word_1_153' title='bbox 1068 2411 1146 2474; x_wconf 88' lang='lat' dir='ltr'>csse,</span> <span class='ocrx_word' id='word_1_154' title='bbox 1170 2396 1286 2475; x_wconf 88' lang='lat' dir='ltr'>partim</span> 
     </span>
     <span class='ocr_line' id='line_1_20' title="bbox 153 2493 1287 2578; baseline -0.002 -15"><span class='ocrx_word' id='word_1_155' title='bbox 153 2501 212 2563; x_wconf 86' lang='lat' dir='ltr'>viri</span> <span class='ocrx_word' id='word_1_156' title='bbox 235 2497 327 2562; x_wconf 83' lang='lat' dir='ltr'>haud</span> <span class='ocrx_word' id='word_1_157' title='bbox 350 2495 474 2561; x_wconf 88' lang='lat' dir='ltr'>indocti</span> <span class='ocrx_word' id='word_1_158' title='bbox 499 2495 628 2558; x_wconf 88' lang='lat' dir='ltr'>arbitrio</span> <span class='ocrx_word' id='word_1_159' title='bbox 651 2495 763 2560; x_wconf 89' lang='lat' dir='ltr'>deberi</span> <span class='ocrx_word' id='word_1_160' title='bbox 786 2512 975 2575; x_wconf 89' lang='lat' dir='ltr'>persuasum</span> <span class='ocrx_word' id='word_1_161' title='bbox 997 2493 1108 2576; x_wconf 87' lang='lat' dir='ltr'>habeo,</span> <span class='ocrx_word' id='word_1_162' title='bbox 1136 2497 1287 2578; x_wconf 87' lang='lat' dir='ltr'>quoniam</span> 
     </span>
     <span class='ocr_line' id='line_1_21' title="bbox 151 2597 1288 2681; baseline -0.002 -15"><span class='ocrx_word' id='word_1_163' title='bbox 151 2602 229 2666; x_wconf 87' lang='lat' dir='ltr'>aliae</span> <span class='ocrx_word' id='word_1_164' title='bbox 249 2603 324 2666; x_wconf 91' lang='lat' dir='ltr'>sine</span> <span class='ocrx_word' id='word_1_165' title='bbox 341 2600 439 2664; x_wconf 89' lang='lat' dir='ltr'>dubio</span> <span class='ocrx_word' id='word_1_166' title='bbox 456 2617 560 2681; x_wconf 87' lang='lat' dir='ltr'>verae,</span> <span class='ocrx_word' id='word_1_167' title='bbox 584 2598 664 2663; x_wconf 89' lang='lat' dir='ltr'>aliae</span> <span class='ocrx_word' id='word_1_168' title='bbox 680 2598 838 2681; x_wconf 90' lang='lat' dir='ltr'>pessimae</span> <span class='ocrx_word' id='word_1_169' title='bbox 859 2597 1017 2662; x_wconf 88' lang='lat' dir='ltr'>videntur.</span> <span class='ocrx_word' id='word_1_170' title='bbox 1048 2597 1101 2661; x_wconf 88' lang='lat' dir='ltr'>Ad</span> <span class='ocrx_word' id='word_1_171' title='bbox 1121 2597 1208 2680; x_wconf 93' lang='lat' dir='ltr'>quod</span> <span class='ocrx_word' id='word_1_172' title='bbox 1231 2599 1288 2665; x_wconf 92' lang='lat' dir='ltr'>de-</span> 
     </span>
     <span class='ocr_line' id='line_1_22' title="bbox 150 2699 1287 2784; baseline -0.002 -15"><span class='ocrx_word' id='word_1_173' title='bbox 150 2703 397 2769; x_wconf 89' lang='lat' dir='ltr'>monstrandum</span> <span class='ocrx_word' id='word_1_174' title='bbox 421 2701 592 2766; x_wconf 86' lang='lat' dir='ltr'>nonnullas</span> <span class='ocrx_word' id='word_1_175' title='bbox 616 2701 811 2784; x_wconf 82' lang='lat' dir='ltr'>cogitatione</span> <span class='ocrx_word' id='word_1_176' title='bbox 835 2705 866 2762; x_wconf 90' lang='lat' dir='ltr'>et</span> <span class='ocrx_word' id='word_1_177' title='bbox 894 2699 1000 2763; x_wconf 91' lang='lat' dir='ltr'>animo</span> <span class='ocrx_word' id='word_1_178' title='bbox 1024 2702 1287 2784; x_wconf 86' lang='lat' dir='ltr'>contemplemur.</span> 
     </span>
    </p>

    <p class='ocr_par' dir='ltr' id='par_1_5' title="bbox 151 2802 1288 3814">
     <span class='ocr_line' id='line_1_23' title="bbox 237 2802 1288 2890; baseline -0.001 -18"><span class='ocrx_word' id='word_1_179' title='bbox 237 2810 294 2872; x_wconf 82' lang='lat' dir='ltr'>Ac</span> <span class='ocrx_word' id='word_1_180' title='bbox 308 2807 451 2890; x_wconf 89' lang='lat' dir='ltr'>primum</span> <span class='ocrx_word' id='word_1_181' title='bbox 470 2825 512 2869; x_wconf 92' lang='lat' dir='ltr'>ex</span> <span class='ocrx_word' id='word_1_182' title='bbox 526 2805 738 2870; x_wconf 88' lang='lat' dir='ltr'>Abriucensis</span> <span class='ocrx_word' id='word_1_183' title='bbox 756 2804 858 2886; x_wconf 87' lang='lat' dir='ltr'>ipsius</span> <span class='ocrx_word' id='word_1_184' title='bbox 880 2802 969 2868; x_wconf 87' lang='lat' dir='ltr'>fonte</span> <span class='ocrx_word' id='word_1_185' title='bbox 984 2812 1148 2889; x_wconf 87' lang='lat' dir='ltr'>promptae</span> <span class='ocrx_word' id='word_1_186' title='bbox 1168 2806 1228 2871; x_wconf 89' lang='lat' dir='ltr'>hae</span> <span class='ocrx_word' id='word_1_187' title='bbox 1251 2827 1288 2872; x_wconf 92' lang='lat' dir='ltr'>se</span> 
     </span>
     <span class='ocr_line' id='line_1_24' title="bbox 151 2905 1286 2994; baseline 0 -20"><span class='ocrx_word' id='word_1_188' title='bbox 151 2911 320 2992; x_wconf 87' lang='lat' dir='ltr'>praebent:</span> <span class='ocrx_word' id='word_1_189' title='bbox 338 2911 358 2992; x_wconf 62' lang='grc' dir='ltr'>ς</span> <span class='ocrx_word' id='word_1_190' title='bbox 373 2910 437 2972; x_wconf 84' lang='grc'>154</span> <span class='ocrx_word' id='word_1_191' title='bbox 454 2910 517 2991; x_wconf 89' lang='grc'>(52,</span> <span class='ocrx_word' id='word_1_192' title='bbox 529 2909 555 2990; x_wconf 85' lang='grc'>5)</span> <span class='ocrx_word' id='word_1_193' title='bbox 567 2909 597 2971; x_wconf 88' lang='lat' dir='ltr'>A</span> <span class='ocrx_word' id='word_1_194' title='bbox 612 2905 770 2988; x_wconf 88' lang='lat' dir='ltr'>librarius,</span> <span class='ocrx_word' id='word_1_195' title='bbox 791 2906 877 2988; x_wconf 93' lang='lat' dir='ltr'>quod</span> <span class='ocrx_word' id='word_1_196' title='bbox 892 2907 1068 2989; x_wconf 86' lang='lat' dir='ltr'>invenerat,</span> <span class='ocrx_word' id='word_1_197' title='bbox 1085 2912 1152 2994; x_wconf 82' lang='lat' dir='ltr'>quit</span> <span class='ocrx_word' id='word_1_198' title='bbox 1167 2909 1286 2991; x_wconf 89' lang='lat' dir='ltr'>optime</span> 
     </span>
     <span class='ocr_line' id='line_1_25' title="bbox 152 3008 1286 3097; baseline -0.002 -20"><span class='ocrx_word' id='word_1_199' title='bbox 152 3017 338 3079; x_wconf 83' lang='lat' dir='ltr'>correxerat</span> <span class='ocrx_word' id='word_1_200' title='bbox 352 3013 388 3074; x_wconf 91' lang='lat' dir='ltr'>in</span> <span class='ocrx_word' id='word_1_201' title='bbox 404 3012 493 3097; x_wconf 80' lang='lat' dir='ltr'>pnid3</span> <span class='ocrx_word' id='word_1_202' title='bbox 511 3010 815 3075; x_wconf 73' lang='lat' dir='ltr'>Acerranorum</span> <span class='ocrx_word' id='word_1_203' title='bbox 833 3008 981 3073; x_wconf 88' lang='lat' dir='ltr'>restituit.</span> <span class='ocrx_word' id='word_1_204' title='bbox 1002 3046 1044 3055; x_wconf 92' lang='lat'><em>-</em></span> <span class='ocrx_word' id='word_1_205' title='bbox 1067 3011 1085 3091; x_wconf 66' lang='grc' dir='ltr'><em>ξ</em></span> <span class='ocrx_word' id='word_1_206' title='bbox 1104 3013 1166 3074; x_wconf 87' lang='grc'>155</span> <span class='ocrx_word' id='word_1_207' title='bbox 1183 3012 1247 3093; x_wconf 93' lang='grc'>(53,</span> <span class='ocrx_word' id='word_1_208' title='bbox 1259 3014 1286 3094; x_wconf 84' lang='grc'>5)</span> 
     </span>
     <span class='ocr_line' id='line_1_26' title="bbox 151 3111 1286 3198; baseline 0.001 -21"><span class='ocrx_word' id='word_1_209' title='bbox 151 3113 302 3178; x_wconf 90' lang='lat' dir='ltr'>librarius</span> <span class='ocrx_word' id='word_1_210' title='bbox 315 3131 428 3177; x_wconf 87' lang='lat' dir='ltr'>verum</span> <span class='ocrx_word' id='word_1_211' title='bbox 444 3113 614 3195; x_wconf 85' lang='lat' dir='ltr'>scripserat</span> <span class='ocrx_word' id='word_1_212' title='bbox 625 3111 747 3198; x_wconf 57' lang='lat' dir='ltr'>chrysa</span> <span class='ocrx_word' id='word_1_213' title='bbox 761 3116 923 3176; x_wconf 89' lang='lat' dir='ltr'>corrector</span> <span class='ocrx_word' id='word_1_214' title='bbox 935 3113 1096 3195; x_wconf 88' lang='lat' dir='ltr'>expunxit</span> <span class='ocrx_word' id='word_1_215' title='bbox 1110 3112 1249 3177; x_wconf 85' lang='lat' dir='ltr'>litteram</span> <span class='ocrx_word' id='word_1_216' title='bbox 1261 3137 1286 3197; x_wconf 89' lang='lat' dir='ltr'>e,</span> 
     </span>
     <span class='ocr_line' id='line_1_27' title="bbox 153 3215 1287 3300; baseline -0.001 -19"><span class='ocrx_word' id='word_1_217' title='bbox 153 3237 248 3299; x_wconf 90' lang='lat' dir='ltr'>quam</span> <span class='ocrx_word' id='word_1_218' title='bbox 266 3237 335 3280; x_wconf 92' lang='lat' dir='ltr'>non</span> <span class='ocrx_word' id='word_1_219' title='bbox 354 3216 479 3280; x_wconf 90' lang='lat' dir='ltr'>invenit</span> <span class='ocrx_word' id='word_1_220' title='bbox 496 3215 644 3279; x_wconf 77' lang='lat' dir='ltr'>insonte.</span> <span class='ocrx_word' id='word_1_221' title='bbox 665 3253 708 3261; x_wconf 91' lang='lat'><em>-</em></span> <span class='ocrx_word' id='word_1_222' title='bbox 726 3217 744 3298; x_wconf 61' lang='grc' dir='ltr'>ᾗ</span> <span class='ocrx_word' id='word_1_223' title='bbox 759 3217 823 3278; x_wconf 88' lang='grc'>156</span> <span class='ocrx_word' id='word_1_224' title='bbox 842 3217 906 3298; x_wconf 89' lang='grc'>(53,</span> <span class='ocrx_word' id='word_1_225' title='bbox 920 3217 960 3298; x_wconf 82' lang='lat' dir='ltr'>m)</span> <span class='ocrx_word' id='word_1_226' title='bbox 978 3217 1027 3279; x_wconf 88' lang='lat' dir='ltr'>A¹</span> <span class='ocrx_word' id='word_1_227' title='bbox 1050 3216 1199 3280; x_wconf 88' lang='lat' dir='ltr'>omiserat</span> <span class='ocrx_word' id='word_1_228' title='bbox 1213 3237 1287 3300; x_wconf 85' lang='lat' dir='ltr'>par-</span> 
     </span>
     <span class='ocr_line' id='line_1_28' title="bbox 151 3319 1286 3404; baseline 0 -20"><span class='ocrx_word' id='word_1_229' title='bbox 151 3323 282 3385; x_wconf 88' lang='lat' dir='ltr'>ticulam</span> <span class='ocrx_word' id='word_1_230' title='bbox 307 3324 340 3386; x_wconf 91' lang='grc'>51</span> <span class='ocrx_word' id='word_1_231' title='bbox 360 3319 555 3384; x_wconf 77' lang='lat' dir='ltr'>vocabulum</span> <span class='ocrx_word' id='word_1_232' title='bbox 579 3340 635 3404; x_wconf 85' lang='lat' dir='ltr'>pne</span> <span class='ocrx_word' id='word_1_233' title='bbox 653 3321 795 3402; x_wconf 81' lang='lat' dir='ltr'>deornm,</span> <span class='ocrx_word' id='word_1_234' title='bbox 820 3337 902 3400; x_wconf 90' lang='lat' dir='ltr'>quae</span> <span class='ocrx_word' id='word_1_235' title='bbox 925 3319 960 3381; x_wconf 92' lang='grc'>15</span> <span class='ocrx_word' id='word_1_236' title='bbox 978 3319 1152 3402; x_wconf 85' lang='lat' dir='ltr'>archetypo</span> <span class='ocrx_word' id='word_1_237' title='bbox 1176 3319 1286 3384; x_wconf 89' lang='lat' dir='ltr'>minus</span> 
     </span>
     <span class='ocr_line' id='line_1_29' title="bbox 152 3421 1286 3506; baseline 0.002 -20"><span class='ocrx_word' id='word_1_238' title='bbox 152 3423 235 3489; x_wconf 94' lang='grc'>51515</span> <span class='ocrx_word' id='word_1_239' title='bbox 250 3424 372 3506; x_wconf 88' lang='lat' dir='ltr'>scripta</span> <span class='ocrx_word' id='word_1_240' title='bbox 382 3423 489 3506; x_wconf 84' lang='lat' dir='ltr'>legere</span> <span class='ocrx_word' id='word_1_241' title='bbox 505 3442 571 3486; x_wconf 91' lang='lat' dir='ltr'>non</span> <span class='ocrx_word' id='word_1_242' title='bbox 582 3427 742 3505; x_wconf 72' lang='lat' dir='ltr'>potuerat,</span> <span class='ocrx_word' id='word_1_243' title='bbox 759 3424 795 3486; x_wconf 91' lang='lat' dir='ltr'>in</span> <span class='ocrx_word' id='word_1_244' title='bbox 810 3423 955 3504; x_wconf 82' lang='lat' dir='ltr'>margine</span> <span class='ocrx_word' id='word_1_245' title='bbox 974 3421 1098 3486; x_wconf 88' lang='lat' dir='ltr'>addidit</span> <span class='ocrx_word' id='word_1_246' title='bbox 1109 3424 1158 3487; x_wconf 64' lang='lat' dir='ltr'>A*</span> <span class='ocrx_word' id='word_1_247' title='bbox 1176 3423 1286 3505; x_wconf 85' lang='lat' dir='ltr'>inepta</span> 
     </span>
     <span class='ocr_line' id='line_1_30' title="bbox 151 3524 1287 3613; baseline 0 -25"><span class='ocrx_word' id='word_1_248' title='bbox 151 3525 205 3589; x_wconf 91' lang='lat' dir='ltr'>illa</span> <span class='ocrx_word' id='word_1_249' title='bbox 219 3547 307 3613; x_wconf 82' lang='lat' dir='ltr'>qaop.</span> <span class='ocrx_word' id='word_1_250' title='bbox 325 3546 405 3589; x_wconf 84' lang='lat' dir='ltr'>ram.</span> <span class='ocrx_word' id='word_1_251' title='bbox 421 3562 464 3570; x_wconf 91' lang='lat'><em>-</em></span> <span class='ocrx_word' id='word_1_252' title='bbox 482 3525 501 3606; x_wconf 65' lang='grc' dir='ltr'>ἓ</span> <span class='ocrx_word' id='word_1_253' title='bbox 520 3525 582 3588; x_wconf 87' lang='grc'>160</span> <span class='ocrx_word' id='word_1_254' title='bbox 599 3526 663 3607; x_wconf 82' lang='grc'>(51,</span> <span class='ocrx_word' id='word_1_255' title='bbox 675 3527 701 3607; x_wconf 81' lang='grc'>5)</span> <span class='ocrx_word' id='word_1_256' title='bbox 717 3524 846 3607; x_wconf 78' lang='lat' dir='ltr'>litterae,</span> <span class='ocrx_word' id='word_1_257' title='bbox 863 3544 945 3607; x_wconf 90' lang='lat' dir='ltr'>quae</span> <span class='ocrx_word' id='word_1_258' title='bbox 964 3524 1052 3588; x_wconf 91' lang='lat' dir='ltr'>nullo</span> <span class='ocrx_word' id='word_1_259' title='bbox 1069 3526 1170 3608; x_wconf 86' lang='lat' dir='ltr'>spatio</span> <span class='ocrx_word' id='word_1_260' title='bbox 1185 3526 1287 3589; x_wconf 89' lang='lat' dir='ltr'>inter-</span> 
     </span>
     <span class='ocr_line' id='line_1_31' title="bbox 151 3626 1284 3710; baseline 0.002 -18"><span class='ocrx_word' id='word_1_261' title='bbox 151 3630 247 3693; x_wconf 91' lang='lat' dir='ltr'>misso</span> <span class='ocrx_word' id='word_1_262' title='bbox 275 3630 313 3691; x_wconf 91' lang='lat' dir='ltr'>in</span> <span class='ocrx_word' id='word_1_263' title='bbox 335 3627 546 3692; x_wconf 88' lang='lat' dir='ltr'>Abrincensis</span> <span class='ocrx_word' id='word_1_264' title='bbox 573 3626 662 3691; x_wconf 85' lang='lat' dir='ltr'>fonte</span> <span class='ocrx_word' id='word_1_265' title='bbox 691 3628 928 3710; x_wconf 72' lang='grc'>5155155511),</span> <span class='ocrx_word' id='word_1_266' title='bbox 956 3631 1055 3692; x_wconf 70' lang='lat' dir='ltr'>manin</span> <span class='ocrx_word' id='word_1_267' title='bbox 1083 3647 1185 3691; x_wconf 91' lang='lat' dir='ltr'>unum</span> <span class='ocrx_word' id='word_1_268' title='bbox 1213 3647 1284 3694; x_wconf 90' lang='grc'>5555</span> 
     </span>
     <span class='ocr_line' id='line_1_32' title="bbox 151 3729 1287 3814; baseline 0.005 -24"><span class='ocrx_word' id='word_1_269' title='bbox 151 3730 346 3794; x_wconf 84' lang='lat' dir='ltr'>vocabulum</span> <span class='ocrx_word' id='word_1_270' title='bbox 368 3729 467 3812; x_wconf 91' lang='lat' dir='ltr'>idque</span> <span class='ocrx_word' id='word_1_271' title='bbox 495 3735 598 3794; x_wconf 89' lang='lat' dir='ltr'>tamen</span> <span class='ocrx_word' id='word_1_272' title='bbox 625 3729 809 3812; x_wconf 84' lang='lat' dir='ltr'>significare</span> <span class='ocrx_word' id='word_1_273' title='bbox 837 3735 1005 3814; x_wconf 85' lang='lat' dir='ltr'>putaverat</span> <span class='ocrx_word' id='word_1_274' title='bbox 1027 3734 1094 3812; x_wconf 86' lang='lat' dir='ltr'>A¹;</span> <span class='ocrx_word' id='word_1_275' title='bbox 1124 3736 1287 3797; x_wconf 89' lang='lat' dir='ltr'>corrector</span> 
     </span>
    </p>
   </div>
   <div class='ocr_carea' id='block_1_4' title="bbox 152 3873 1286 4458">
    <p class='ocr_par' dir='ltr' id='par_1_6' title="bbox 243 3873 1285 3947">
     <span class='ocr_line' id='line_1_33' title="bbox 243 3873 1285 3947; baseline 0.004 -19"><span class='ocrx_word' id='word_1_276' title='bbox 243 3876 261 3945; x_wconf 76' lang='grc'>1)</span> <span class='ocrx_word' id='word_1_277' title='bbox 280 3875 330 3929; x_wconf 90' lang='lat' dir='ltr'>Ed.</span> <span class='ocrx_word' id='word_1_278' title='bbox 349 3875 419 3943; x_wconf 87' lang='lat' dir='ltr'>prol.</span> <span class='ocrx_word' id='word_1_279' title='bbox 439 3889 501 3943; x_wconf 81' lang='lat' dir='ltr'>pag.</span> <span class='ocrx_word' id='word_1_280' title='bbox 521 3873 563 3929; x_wconf 89' lang='lat' dir='ltr'>Vl.</span> <span class='ocrx_word' id='word_1_281' title='bbox 584 3890 624 3944; x_wconf 91' lang='lat' dir='ltr'>sq.</span> <span class='ocrx_word' id='word_1_282' title='bbox 824 3875 844 3945; x_wconf 79' lang='lat'>²)</span> <span class='ocrx_word' id='word_1_283' title='bbox 862 3875 924 3930; x_wconf 90' lang='lat' dir='ltr'>Riv.</span> <span class='ocrx_word' id='word_1_284' title='bbox 944 3874 973 3930; x_wconf 93' lang='lat' dir='ltr'>di</span> <span class='ocrx_word' id='word_1_285' title='bbox 991 3876 1029 3930; x_wconf 90' lang='grc'>111.</span> <span class='ocrx_word' id='word_1_286' title='bbox 1047 3877 1138 3947; x_wconf 88' lang='lat'>(1888)</span> <span class='ocrx_word' id='word_1_287' title='bbox 1156 3877 1223 3946; x_wconf 88' lang='lat' dir='ltr'>XVI,</span> <span class='ocrx_word' id='word_1_288' title='bbox 1240 3877 1285 3932; x_wconf 87' lang='grc'>99.</span> 
     </span>
    </p>

    <p class='ocr_par' dir='ltr' id='par_1_7' title="bbox 240 3958 974 4030">
     <span class='ocr_line' id='line_1_34' title="bbox 240 3958 974 4030; baseline 0.005 -17"><span class='ocrx_word' id='word_1_289' title='bbox 240 3961 262 4030; x_wconf 80' lang='lat'>³)</span> <span class='ocrx_word' id='word_1_290' title='bbox 281 3960 332 4014; x_wconf 88' lang='lat' dir='ltr'>Ed.</span> <span class='ocrx_word' id='word_1_291' title='bbox 347 3958 478 4014; x_wconf 86' lang='lat' dir='ltr'>Cantabr.</span> <span class='ocrx_word' id='word_1_292' title='bbox 490 3960 559 4028; x_wconf 88' lang='lat' dir='ltr'>prol.</span> <span class='ocrx_word' id='word_1_293' title='bbox 573 3975 636 4029; x_wconf 80' lang='lat' dir='ltr'>pag.</span> <span class='ocrx_word' id='word_1_294' title='bbox 646 3960 784 4017; x_wconf 87' lang='lat' dir='ltr'><strong>LXXVIII.</strong></span> <span class='ocrx_word' id='word_1_295' title='bbox 821 3959 842 4029; x_wconf 72' lang='grc'>4)</span> <span class='ocrx_word' id='word_1_296' title='bbox 861 3961 974 4017; x_wconf 89' lang='lat' dir='ltr'>ibidem.</span> 
     </span>
    </p>

    <p class='ocr_par' dir='ltr' id='par_1_8' title="bbox 152 4043 1286 4458">
     <span class='ocr_line' id='line_1_35' title="bbox 241 4043 1286 4121; baseline 0.003 -23"><span class='ocrx_word' id='word_1_297' title='bbox 241 4044 264 4113; x_wconf 63' lang='grc' dir='ltr'>ὅ)</span> <span class='ocrx_word' id='word_1_298' title='bbox 283 4043 416 4098; x_wconf 87' lang='lat' dir='ltr'>Codicem</span> <span class='ocrx_word' id='word_1_299' title='bbox 427 4044 503 4098; x_wconf 91' lang='lat' dir='ltr'>enim</span> <span class='ocrx_word' id='word_1_300' title='bbox 512 4044 591 4098; x_wconf 93' lang='lat' dir='ltr'>illum</span> <span class='ocrx_word' id='word_1_301' title='bbox 604 4045 646 4099; x_wconf 89' lang='lat' dir='ltr'>sic</span> <span class='ocrx_word' id='word_1_302' title='bbox 660 4045 796 4115; x_wconf 91' lang='lat' dir='ltr'>scriptum</span> <span class='ocrx_word' id='word_1_303' title='bbox 808 4046 904 4116; x_wconf 86' lang='lat' dir='ltr'>tuisse,</span> <span class='ocrx_word' id='word_1_304' title='bbox 917 4050 948 4100; x_wconf 90' lang='lat' dir='ltr'>ut</span> <span class='ocrx_word' id='word_1_305' title='bbox 961 4046 1072 4115; x_wconf 76' lang='lat' dir='ltr'>singula</span> <span class='ocrx_word' id='word_1_306' title='bbox 1085 4046 1286 4121; x_wconf 67' lang='lat' dir='ltr'>verbaspatiis</span> 
     </span>
     <span class='ocr_line' id='line_1_36' title="bbox 152 4129 1285 4199; baseline 0.003 -16"><span class='ocrx_word' id='word_1_307' title='bbox 152 4144 208 4182; x_wconf 90' lang='lat' dir='ltr'>uon</span> <span class='ocrx_word' id='word_1_308' title='bbox 226 4129 475 4199; x_wconf 83' lang='lat' dir='ltr'>distinguerentur,</span> <span class='ocrx_word' id='word_1_309' title='bbox 494 4134 572 4199; x_wconf 90' lang='lat' dir='ltr'>patet</span> <span class='ocrx_word' id='word_1_310' title='bbox 596 4146 631 4183; x_wconf 85' lang='lat' dir='ltr'>ex</span> <span class='ocrx_word' id='word_1_311' title='bbox 655 4132 793 4186; x_wconf 88' lang='lat' dir='ltr'>sescentis</span> <span class='ocrx_word' id='word_1_312' title='bbox 817 4136 845 4185; x_wconf 89' lang='lat' dir='ltr'>et</span> <span class='ocrx_word' id='word_1_313' title='bbox 867 4132 897 4185; x_wconf 91' lang='lat' dir='ltr'>in</span> <span class='ocrx_word' id='word_1_314' title='bbox 919 4132 959 4185; x_wconf 88' lang='lat' dir='ltr'>De</span> <span class='ocrx_word' id='word_1_315' title='bbox 978 4137 1090 4188; x_wconf 85' lang='lat' dir='ltr'>oratore</span> <span class='ocrx_word' id='word_1_316' title='bbox 1109 4131 1188 4186; x_wconf 92' lang='lat' dir='ltr'>libris</span> <span class='ocrx_word' id='word_1_317' title='bbox 1208 4131 1285 4186; x_wconf 90' lang='lat' dir='ltr'>etin</span> 
     </span>
     <span class='ocr_line' id='line_1_37' title="bbox 153 4213 1285 4286; baseline 0.004 -18"><span class='ocrx_word' id='word_1_318' title='bbox 153 4213 269 4270; x_wconf 84' lang='lat' dir='ltr'>Oratore</span> <span class='ocrx_word' id='word_1_319' title='bbox 286 4216 382 4270; x_wconf 89' lang='lat' dir='ltr'>verbis</span> <span class='ocrx_word' id='word_1_320' title='bbox 398 4216 471 4270; x_wconf 87' lang='grc'>15155</span> <span class='ocrx_word' id='word_1_321' title='bbox 489 4215 643 4271; x_wconf 84' lang='grc'>5551155115</span> <span class='ocrx_word' id='word_1_322' title='bbox 662 4219 708 4272; x_wconf 88' lang='lat' dir='ltr'>vel</span> <span class='ocrx_word' id='word_1_323' title='bbox 724 4215 874 4286; x_wconf 89' lang='lat' dir='ltr'>distinctis,</span> <span class='ocrx_word' id='word_1_324' title='bbox 892 4221 923 4272; x_wconf 92' lang='lat' dir='ltr'>ut</span> <span class='ocrx_word' id='word_1_325' title='bbox 936 4233 960 4270; x_wconf 89' lang='grc'>5.</span> <span class='ocrx_word' id='word_1_326' title='bbox 973 4233 997 4286; x_wconf 83' lang='lat' dir='ltr'>g.</span> <span class='ocrx_word' id='word_1_327' title='bbox 1012 4217 1057 4272; x_wconf 92' lang='lat' dir='ltr'>Or.</span> <span class='ocrx_word' id='word_1_328' title='bbox 1076 4218 1119 4286; x_wconf 87' lang='lat'>30,</span> <span class='ocrx_word' id='word_1_329' title='bbox 1130 4235 1170 4285; x_wconf 77' lang='lat'>¹⁸3</span> <span class='ocrx_word' id='word_1_330' title='bbox 1190 4217 1233 4284; x_wconf 89' lang='grc'>32,</span> <span class='ocrx_word' id='word_1_331' title='bbox 1243 4237 1285 4286; x_wconf 70' lang='lat'>213</span> 
     </span>
     <span class='ocr_line' id='line_1_38' title="bbox 152 4298 1285 4373; baseline 0.004 -20"><span class='ocrx_word' id='word_1_332' title='bbox 152 4298 1285 4373; x_wconf 74' lang='grc' dir='ltr'>33,1;33,5;37,15;37,15;4Ο,ιι;40,11;12,5;12,11;12,55;43,“5;45,15;</span> 
     </span>
     <span class='ocr_line' id='line_1_39' title="bbox 152 4383 720 4458; baseline 0.007 -18"><span class='ocrx_word' id='word_1_333' title='bbox 152 4383 243 4454; x_wconf 74' lang='lat' dir='ltr'>48‚1a;</span> <span class='ocrx_word' id='word_1_334' title='bbox 263 4387 359 4457; x_wconf 79' lang='grc'>53,51;</span> <span class='ocrx_word' id='word_1_335' title='bbox 378 4388 461 4458; x_wconf 76' lang='grc'>55,5;</span> <span class='ocrx_word' id='word_1_336' title='bbox 481 4389 563 4458; x_wconf 77' lang='grc'>56,1;</span> <span class='ocrx_word' id='word_1_337' title='bbox 583 4389 647 4458; x_wconf 68' lang='lat' dir='ltr'>cde</span> <span class='ocrx_word' id='word_1_338' title='bbox 669 4394 720 4445; x_wconf 78' lang='lat' dir='ltr'>eie.</span> 
     </span>
    </p>
   </div>
   <div class='ocr_carea' id='block_1_5' title="bbox 0 0 1624 5252">
    <p class='ocr_par' dir='ltr' id='par_1_9' title="bbox 0 0 1624 5252">
     <span class='ocr_line' id='line_1_40' title="bbox 0 0 1624 5252; baseline 0 0"><span class='ocrx_word' id='word_1_339' title='bbox 0 0 1624 5252; x_wconf 95' lang='lat' dir='ltr'> </span> 
     </span>
    </p>
   </div>
  </div>
 </body>
</html>
