3240 5252
384 521 426 582 28
829 525 948 580 Petrus
972 525 1063 594 Reis,
1424 517 1509 601 [188]

384 718 459 762 eum
469 698 613 762 adhiberi
623 698 725 762 voluit
736 698 774 760 ad
784 697 950 761 Oratorem
959 697 1202 761 emendandum.
1220 697 1510 780 Stangliumsecuti

383 808 460 865 sunt
478 800 655 883 Sandysius
678 820 716 864 ao
735 820 837 883 nuper
856 799 1055 862 Willrinsius
1083 799 1206 864 Iniuria
1224 802 1353 878 tamen;
1378 820 1454 862 nam
1474 819 1510 863 ex

382 903 502 985 paucis,
527 921 606 985 quas
627 901 789 984 Stanglius
808 903 842 964 in
863 901 1002 966 editione
1023 921 1082 965 sua
1105 902 1278 985 adnotavit,
1300 903 1390 968 illius
1406 902 1512 966 lectio·

383 1006 479 1069 nibus
509 1005 787 1096 Heerdegenius1)
821 1024 973 1088 apparere
1006 1005 1144 1069 ostendit
1172 1008 1207 1069 in
1231 1007 1266 1070 M
1298 1005 1465 1070 Oratorem
1496 1025 1511 1069 a

382 1108 536 1189 Palatino,
555 1107 692 1170 Brutum
717 1126 759 1171 ex
778 1107 991 1172 Ottoboniano
1012 1110 1098 1172 1592
1118 1109 1198 1172 =B
1224 1110 1415 1173 manaaisse.
1447 1107 1513 1184 Qua

384 1211 423 1274 de
444 1211 628 1293 quaestione
650 1230 841 1293 quamquam
858 1210 1083 1294 Heerdegcnio
1100 1211 1269 1292 adsentior,
1290 1217 1400 1275 tamen
1423 1211 1461 1274 de
1481 1209 1513 1273 ll

383 1312 617 1395 subscriptione
632 1312 873 1394 interpretanda
888 1313 926 1376 ab
948 1333 985 1377 eo
1002 1313 1165 1396 dissentio,
1182 1335 1256 1378 cum
1274 1351 1316 1359 —-
1334 1315 1375 1377 iis
1393 1314 1514 1377 seilicet
1595 1302 1596 1384 ἶ

384 1435 467 1499 quae
492 1415 660 1497 explanavi
679 1414 891 1498 comprobatis
915 1453 957 1462 -
982 1435 1000 1480 e
1023 1417 1129 1480 verbis
1153 1420 1377 1502 transscriptas
1394 1416 1513 1501 perfec·

384 1527 489 1604 iusque
512 1526 540 1584 et
562 1517 600 1583 ob
623 1540 656 1584 eo
673 1521 842 1604 examplari
859 1521 1044 1602 emendatus,
1063 1523 1144 1607 qaod
1166 1545 1185 1586 a
1206 1529 1317 1587 calueto
1339 1523 1394 1587 allo
1417 1522 1514 1586 codice

378 1626 520 1707 primam
544 1625 779 1708 transcamptum
808 1630 1033 1708 correctumque
1059 1624 1165 1707 fuerat
1192 1624 1284 1686 illum
1307 1623 1341 1686 M
1367 1643 1385 1688 e
1410 1623 1437 1686 P
1460 1643 1513 1687 er-

385 1728 508 1788 aratum
532 1731 628 1788 etex
654 1726 724 1788 eius
746 1726 843 1806 fonte,
867 1726 886 1788 i.
908 1745 933 1789 e.
963 1745 980 1790 e
1004 1725 1111 1790 Cosmi
1136 1726 1320 1808 exemplari,
1345 1726 1466 1798 codicis
1488 1725 1513 1788 L

384 1829 487 1911 primo
504 1827 692 1909 apographo,
706 1827 793 1910 quod
803 1848 826 1909 y
838 1828 942 1892 littera
954 1828 1086 1911 signavi,
1100 1829 1304 1892 emendatum
1315 1849 1388 1893 esse
1405 1835 1513 1912 pateat.

469 1933 581 2013 ,Atque
612 1936 649 1994 ut
679 1951 723 2012 ea,
752 1952 834 2014 quae
867 1932 906 1996 de
936 1932 1115 1997 laudensis
1146 1934 1338 2017 apographis
1370 1933 1511 2014 disserui,

384 2038 557 2116 stemmate,
576 2033 660 2117 quod
677 2041 817 2115 vocatur,
836 2037 1021 2118 exprimam,
1035 2056 1095 2100 nec
1106 2036 1278 2118 stingum)
1290 2056 1400 2119 neque
1416 2037 1512 2100 Heer·
1596 2039 1597 2052 ¹

385 2137 520 2220 degenio
539 2156 669 2219 prorsus
689 2155 838 2200 assensus
858 2137 941 2201 hanc
965 2157 1035 2202 esse
1054 2139 1250 2221 integrorum
1276 2137 1436 2203 librorum
1457 2142 1512 2202 ori·

385 2239 492 2322 ginem
518 2239 680 2321 suspicor:

573 3135 646 3215 §a
679 3133 731 3197 De
756 3135 898 3198 ceteris
923 3133 1122 3199 codicibus
1146 3137 1320 3219 integris.

473 3258 604 3322 Praeter
627 3277 689 3340 eos,
714 3277 794 3340 quos
818 3258 923 3323 adhuc
946 3261 1119 3342 nominavi,
1144 3260 1242 3325 libros
1262 3281 1361 3326 manu
1381 3263 1509 3344 scriptos

383 3362 533 3447 permulti
564 3366 692 3425 exstant
720 3361 786 3439 alii,
824 3361 881 3443 qui
911 3381 928 3424 e
959 3362 1070 3426 codice
1099 3363 1261 3428 laudensi
1283 3364 1428 3448 pendent
1456 3382 1510 3428 nec

383 3471 490 3530 tamen
515 3485 556 3529 ex
580 3485 616 3529 eo
633 3465 703 3548 ipso
719 3466 901 3548 transcripti
918 3467 1001 3528 sunt
1025 3465 1093 3530 Hos
1105 3465 1352 3549 Heerdegenius
1362 3470 1386 3550 ³)
1405 3469 1439 3530 in
1456 3467 1509 3528 tria

383 3587 500 3648 genera
524 3568 646 3651 dividit,
677 3587 814 3650 quorum
837 3568 976 3652 primum
1007 3574 1100 3632 vocat
1123 3569 1351 3653 suppletorum,
1381 3571 1509 3633 alterum

385 3676 609 3751 correctorum,
633 3672 764 3734 tertium
780 3671 977 3753 integrorum
994 3690 1055 3735 nec
1071 3672 1255 3749 mixtorum.
1283 3671 1393 3734 Trium
1410 3676 1510 3734 autem

385 3777 499 3839 horum
522 3794 678 3858 generum
703 3774 830 3840 codices
854 3775 1009 3857 quosdam
1028 3776 1167 3840 inveniri
1185 3776 1315 3840 adnotat
1334 3776 1387 3840 vel
1406 3775 1509 3858 paucis

385 3878 437 3942 vel
461 3878 678 3961 compluribus
708 3877 787 3941 locis
818 3877 904 3941 haud
931 3879 1103 3943 infeliciter
1132 3878 1171 3940 ab
1199 3877 1383 3941 hominibus
1414 3876 1509 3940 doctis

385 3981 576 4045 emendatos.

474 4084 497 4147 I.
523 4083 657 4147 Codices
670 4083 832 4166 suppletos
845 4088 939 4147 vocat
963 4103 1025 4166 eoa,
1049 4084 1082 4146 in
1103 4084 1221 4165 quibus
1238 4083 1402 4164 antiquior
1417 4080 1508 4162 aliqui

385 4185 466 4248 liber
487 4186 622 4248 mutilus
645 4191 717 4268 post
738 4185 908 4249 inventum
933 4187 958 4250 L
981 4190 1094 4251 auctus
1120 4193 1168 4252 est
1189 4188 1230 4250 iis
1252 4185 1406 4269 partibus,
1434 4200 1508 4266 quae

479 4320 497 4388 ¹)
516 4319 651 4376 Fleckeis.
671 4321 766 4374 annal.
786 4320 913 4387 131,109
932 4336 993 4388 sqq.
1012 4348 1049 4358 —
1067 4319 1101 4372 cf.
1123 4319 1238 4384 Gercke,
1258 4317 1334 4370 DLZ.
1357 4317 1398 4383 lX,
1413 4315 1470 4370 160.

477 4406 498 4474 ²)
517 4405 557 4458 Bl.
572 4405 589 4458 f.
603 4405 630 4458 b.
644 4404 673 4458 G.
689 4404 731 4471 21,
742 4405 784 4457 46.
860 4404 882 4472 8)
901 4404 949 4458 Ed.
963 4404 1031 4472 prol.
1046 4419 1107 4472 pag.
1121 4404 1182 4456 XIX
1201 4417 1259 4472 sqq.
1382 4465 1385 4472 Ἴ
