3228 5268
15 2059 17 2150 l

317 437 359 491 De
379 435 506 506 Gregorii
523 435 696 492 Nazianzeni
714 437 889 494 orationibus
906 439 1078 496 funebribus.
1225 440 1269 503 53

227 608 454 672 Consolatio
473 609 531 692 (cp.
548 610 709 691 42-43):
728 610 794 675 Res
808 611 964 675 hrunanas
979 631 1109 696 prorsus
1125 612 1269 682 diversas

140 729 207 776 esse
230 732 249 775 a
271 710 372 776 rebus
396 710 529 790 divinis3
560 713 617 776 has
646 729 716 776 esse
740 718 922 779 constantes
950 721 982 780 et
1008 721 1165 799 aeternas,
1196 719 1268 784 illas

138 815 244 877 fluxas
269 817 302 878 et
325 814 473 878 caducas.
504 815 607 879 Unam
623 833 694 878 esse
709 816 807 878 vitam
821 818 981 900 respicere
996 819 1035 882 ad
1052 820 1149 882 vitam
1165 827 1268 886 aeter-

138 935 218 1000 nam,
242 937 343 980 unam
369 921 504 981 mortem
525 922 703 1001 peccatum.
735 916 816 980 Oum
840 921 1021 1003 moriamur,
1045 903 1185 1005 separ'ari
1207 943 1267 988 nos

139 1021 286 1086 omnibus
311 1021 476 1085 erroribus
497 1021 712 1103 fallaciisque3
736 1027 878 1086 mortuos
900 1023 942 1086 ad
968 1023 1078 1088 lumen
1101 1029 1267 1090 aeternum

138 1143 194 1188 nos
217 1125 415 1208 migraturos
443 1143 529 1203 esse3
559 1144 659 1207 quare
682 1129 819 1188 mortem
840 1125 1076 1190 lamentandam
1102 1147 1168 1192 non
1196 1147 1266 1194 esse

136 1229 194 1311 (cp.
210 1229 275 1310 42).
305 1228 342 1292 Si
356 1246 432 1291 vero
445 1228 549 1292 doleat
564 1232 673 1310 mater,
687 1227 772 1310 quod
789 1228 935 1292 amarito
952 1235 1096 1312 separato
1110 1231 1160 1313 sit,
1175 1231 1268 1296 illum

137 1330 196 1395 hac
210 1332 418 1414 separatione
433 1330 551 1395 laetari.
576 1330 646 1395 Nec
661 1331 850 1395 diuturnum
866 1331 1008 1396 dolorem
1022 1332 1100 1414 iore,
1116 1350 1191 1398 curn
1205 1336 1268 1418 ipsi

137 1431 226 1497 brevi
237 1451 316 1497 eum
333 1434 477 1497 secuturi
489 1434 560 1497 sint.
583 1433 629 1498 Ut
640 1438 747 1497 autem
759 1434 813 1496 illa
827 1439 962 1498 mortem
973 1434 1148 1499 liberorum
1164 1442 1267 1502 aetate

136 1535 324 1600 florentium
341 1534 460 1616 tulerit,
474 1536 519 1598 ita
534 1535 618 1599 hanc
634 1554 763 1617 quoque
779 1535 990 1600 calamitatem
1005 1539 1164 1620 patienter
1177 1540 1267 1604 ierat.

136 1638 176 1703 Se
192 1641 302 1722 ipsum
322 1637 395 1701 eius
414 1642 595 1703 curatorem
614 1643 646 1703 et
665 1642 803 1703 tutorem
823 1657 893 1704 esse
912 1644 1010 1722 atque
1032 1642 1111 1706 fore.
1135 1642 1169 1707 Si
1192 1663 1267 1708 vero

136 1760 228 1825 aegre
243 1741 339 1822 ierat,
366 1737 452 1821 quod
467 1759 565 1804 ausus
588 1742 631 1805 sit
654 1760 725 1805 eam
743 1741 908 1824 consolari,
930 1744 1179 1809 consolationem
1203 1765 1268 1809 non

135 1843 189 1926 illi,
206 1843 263 1909 sed
281 1840 444 1925 omnibus,
462 1845 518 1925 qui
532 1861 676 1906 maerore
693 1842 804 1906 affecti
819 1843 892 1926 sint,
908 1863 943 1907 se
961 1844 1112 1927 praebere
1131 1848 1191 1930 (cp.
1204 1848 1267 1925 43).

438 2024 466 2086 3.
490 2021 539 2086 De
563 2021 716 2086 orationis
740 2022 979 2104 compositione.

222 2149 338 2214 Oratio
359 2149 499 2212 maxime
514 2148 758 2212 admirationem
775 2152 916 2212 nostram
932 2153 1047 2232 movet,
1072 2151 1148 2232 quia
1164 2154 1269 2214 orator

131 2254 470 2340 Basiliipracsentiam
479 2254 623 2318 sollerter
631 2272 703 2316 cum
713 2253 950 2336 epitaphioipso
959 2252 1154 2335 coniungere
1165 2253 1268 2318 scivit.

130 2359 160 2423 N
162 2379 213 2423 am
230 2378 310 2423 cum
326 2356 468 2420 Basilius
484 2356 638 2420 Caesarea
652 2355 850 2418 Nazianzum
865 2356 1015 2438 venisset,
1030 2359 1067 2417 ut
1082 2357 1269 2439 episcopum

131 2463 345 2541 defunctum,
369 2460 463 2522 cuius
487 2477 583 2542 opera
607 2462 640 2521 et
662 2457 783 2521 auxilio
806 2459 875 2541 ipse
903 2457 943 2522 ad
970 2458 1053 2522 hanc
1081 2459 1269 2542 dignitatem

130 2570 310 2648 provectus
328 2566 404 2644 erat,
419 2560 572 2642 laudaret,
589 2559 744 2644 Gregorio
757 2565 844 2625 certe
860 2561 1017 2626 adventus
1036 2562 1270 2646 archiepiscopi

131 2665 364 2732 ansareensis
381 2664 524 2727 oratione
540 2663 777 2746 compellatoria
793 2664 889 2748 (λόγῳ
905 2667 1168 2749 προεφωνητικῷ)
1179 2668 1202 2749 ¹)
1217 2685 1269 2730 ce-

130 2769 311 2835 lebrandus
338 2771 416 2830 erat.
456 2765 519 2830 Sed
543 2785 617 2830 cum
641 2765 865 2830 Nazianzenus
887 2768 956 2849 ipse
979 2771 1103 2848 patrem
1126 2770 1269 2834 oratione

129 2873 264 2937 laudare
283 2869 350 2934 sibi
365 2868 590 2951 proposuisset,
609 2868 667 2931 has
683 2868 763 2930 duas
779 2869 938 2934 orationes
954 2869 1116 2934 artificose
1132 2871 1177 2934 ita
1193 2888 1268 2936 con—

128 2977 255 3057 nexuit,
282 2978 322 3036 ut
345 2971 485 3053 fingeret
507 2987 542 3034 se
560 2971 679 3034 Basilio
702 2973 868 3036 materiam
891 2973 1061 3057 porrigere,
1086 2994 1103 3039 e
1128 2994 1192 3056 qua
1213 2976 1267 3040 ille

128 3099 220 3143 suam
236 3075 463 3142 laudationem
479 3073 659 3138 conficeret
696 3073 767 3150 Qua
787 3093 823 3138 re
842 3075 877 3138 id
895 3094 1024 3158 quoque
1043 3077 1267 3161 intellegimus,

128 3203 186 3248 cur
210 3199 281 3244 non
306 3179 343 3240 in
360 3177 427 3240 fine
444 3176 541 3239 totius
560 3176 720 3259 orationis,
745 3177 802 3241 sed
824 3181 970 3261 perorata
986 3184 1078 3262 parte
1093 3180 1269 3244 laudatoria

126 3285 292 3350 Basiliam
318 3279 502 3361 alloquatur
525 3285 556 3342 et
577 3286 679 3362 roget,
708 3285 744 3344 ut
768 3299 860 3344 suam
881 3281 1099 3345 laudationem
1126 3284 1267 3366 incipiat.

127 3390 291 3453 Videmus
312 3383 416 3466 igitur
431 3381 619 3465 Gregorium
640 3385 716 3448 satis
740 3404 806 3448 non
824 3384 974 3449 habuisse
990 3385 1155 3448 rhetorum
1177 3405 1268 3468 prae·

127 3498 221 3577 cepta
234 3489 354 3554 stricte
367 3486 468 3566 sequi,
481 3484 545 3568 sed,
558 3487 585 3550 si
598 3493 723 3571 tempus
737 3494 769 3552 et
781 3488 905 3552 occasio
917 3488 1128 3572 postulabant,
1140 3489 1268 3554 illorum

126 3599 263 3662 schema
288 3591 334 3655 ad
358 3607 455 3651 suum
478 3607 573 3652 usum
595 3592 764 3656 immutare
788 3591 840 3656 vel
866 3591 1063 3674 amplificare
1085 3613 1152 3658 non
1176 3593 1268 3656 dubi-

125 3700 258 3763 tavisse,
304 3690 402 3770 Quod
429 3691 462 3753 in
491 3691 551 3756 hac
581 3696 722 3758 oratione
750 3713 875 3758 summa
902 3700 969 3758 arte
997 3715 1071 3760 eum
1093 3697 1268 3781 perfecisse

124 3820 224 3867 nemo
251 3798 332 3878 erit,
360 3794 417 3876 qui
441 3798 545 3878 neget
575 3796 775 3879 Quamquam
798 3798 878 3861 haec
901 3797 1060 3880 allocutio,
1084 3800 1111 3862 si
1134 3819 1200 3861 non
1223 3818 1268 3864 ex

121 3907 253 3971 ratione
284 3898 368 3964 artis
396 3897 585 3981 rhetoricae,
614 3900 671 3964 sed
698 3919 740 3964 ex
767 3918 863 3963 sensu
890 3901 1077 3983 iudicioque
1100 3902 1268 3965 hominum

122 4004 300 4075 communi
318 4000 548 4085 consideratur,
572 4005 704 4068 minime
728 4004 767 4066 ad
791 4007 888 4067 totam
912 4022 1019 4066 rerum
1044 4004 1266 4067 condicionem

122 4110 311 4179 convenire
329 4101 473 4166 videtur:
498 4105 584 4168 haud
598 4107 713 4171 leviter
729 4107 815 4170 enim
837 4107 872 4168 in
896 4125 933 4168 eo
953 4106 1155 4187 offendimus
1179 4106 1268 4184 quod

122 4213 355 4233 -----

218 4253 238 4323 ¹)
261 4249 307 4306 Cf.
319 4243 571 4316 Pseudo-Dionysii
582 4253 609 4303 et
618 4247 765 4302 Menandri
776 4251 860 4302 artes
879 4245 1075 4315 Volkmann,
1089 4249 1105 4300 l.
1116 4263 1138 4300 c.
1152 4261 1195 4313 pg.
1203 4245 1267 4300 346.

123 4339 272 4397 Himerius
294 4330 436 4403 plurimas
456 4332 597 4388 orationes
617 4331 843 4402 compellatcrias
863 4331 1029 4399 composuit.
