3270 5250
173 529 261 615 [285]
503 537 543 590 De
561 536 803 592 Pseudo-Luciam
821 539 985 596 umoribus
1277 543 1322 608 23

260 709 428 792 Imprimis
450 709 591 784 ἡδονῆς
614 711 734 772 mentio
757 709 798 772 ad
821 713 1017 776 sententiam
1041 712 1232 780 Praecbteri
1255 727 1323 788 sta-

173 812 324 876 tuendam
350 810 480 874 videtur
502 811 641 874 valuisse
663 814 719 890 (25
742 831 771 894 p.
784 815 867 876 425:
898 813 1005 893 Μκρά
1028 816 1059 878 δ’
1075 817 1143 880 ἀπὸ
1161 823 1218 896 τῆς
1236 821 1323 898 ἄγαν

174 919 312 992 ςπουδῆς
336 916 388 978 ἐπὶ
404 916 464 990 τὴν
485 915 678 994 ὑμετέραν,
702 915 988 994 ὧΚαλλικραςίδο,
1012 919 1152 997 καταβὰς
1173 923 1322 1004 ἡδονὴν

174 1016 314 1084 ἐπιδείξω
331 1021 475 1094 πωδικῆς
488 1018 629 1094 χρήςεως
644 1020 728 1080 πολὺ
743 1020 803 1093 τὴν
817 1022 1006 1092 γυναικείων
1023 1023 1163 1102 ἀμείνω).
1184 1025 1322 1096 llutuo

174 1125 280 1184 autem
299 1120 388 1183 idem
406 1119 468 1182 sibi
492 1119 621 1183 crimini
639 1118 720 1182 dant
742 1119 929 1202 adversarii,
954 1124 1042 1206 qood
1062 1125 1223 1192 etiamen
1243 1130 1323 1198 Plu-

174 1224 275 1287 tarchi
294 1223 471 1286 ‘amatorio'
489 1225 628 1304 apparet.
657 1221 731 1298 Quo
755 1222 795 1286 de
819 1224 929 1288 libello
948 1229 1108 1310 partem¹l
1127 1231 1265 1312 primam
1284 1247 1324 1302 ut

175 1325 316 1390 breviter
339 1331 481 1406 tractem,
504 1324 638 1407 paulum
661 1325 790 1406 digredi
812 1327 918 1392 liceat

261 1429 373 1492 Huius
404 1427 520 1510 dialogi
551 1433 743 1510 argumenta
768 1432 917 1511 graviora
947 1433 1043 1498 facile
1074 1447 1321 1517 cognoscuntur

175 1537 299 1616 praeter
322 1531 425 1594 τόπον
449 1531 648 1595 Socraticum
672 1533 770 1612 atque
788 1533 993 1600 Platonicum
1019 1536 1083 1601 loci
1107 1539 1258 1616 φύςεως
1287 1555 1322 1610 et

174 1636 325 1713 ἡδονῆς.
343 1634 547 1716 Protogenes,
563 1636 682 1697 amoris
694 1637 829 1716 puerilis
841 1637 1001 1720 defensor,
1019 1639 1172 1706 huncein
1184 1646 1317 1714 modum

176 1738 279 1817 ἐρωτα
296 1737 414 1801 delinit
427 1738 469 1817 (4,
483 1739 548 1801 750
560 1737 665 1818 dsqh:
683 1738 768 1813 ἔρως
786 1741 931 1820 εὐφυοῦς
950 1746 999 1806 καί
1014 1745 1090 1806 νέας
1107 1751 1212 1824 ψυχῆς
1231 1749 1318 1828 ἁψό-

176 1941 356 2006 δικαιοςόνην
369 1943 397 1993 el
410 1939 544 2005 ἀνδρείαν
558 1940 634 2007 (Hor.
646 1956 732 1995 carm.
742 1942 777 1994 lll
790 1943 816 2008 3,
831 1942 907 2011 1sq.)
921 1943 983 1996 sive
996 1943 1191 2010 ςωφροςόνην
1203 1949 1315 2014 (Seme,

177 2028 287 2096 Thyest.
302 2026 358 2080 339
366 2042 422 2094 sq.;
440 2042 466 2077 ν.
485 2026 580 2078 Keller
599 2029 627 2077 et
646 2025 750 2080 llolder
769 2027 806 2080 ad
825 2028 889 2080 llor.
903 2028 932 2095 l.)
950 2027 1168 2097 praedicabant;
1196 2031 1226 2085 iu
1246 2037 1312 2090 vir-

176 2113 310 2166 tutibus
329 2110 414 2179 igitur
432 2110 569 2163 bonorum
588 2109 673 2163 finem
692 2112 880 2166 collocabant.
900 2113 934 2165 Hi
954 2111 1067 2181 quidem
1087 2117 1118 2165 ut
1137 2115 1247 2182 physici
1262 2136 1314 2174 ve-

178 2214 246 2251 rum
266 2199 411 2264 appetunt.
431 2194 652 2264 Epicureismum
672 2212 739 2250 vere
754 2196 901 2262 Graecum,
916 2214 980 2251 cum
993 2197 1103 2250 oriente
1117 2197 1235 2253 mixtam
1250 2219 1314 2259 esse

177 2282 271 2336 Stoam
290 2280 358 2334 inde
379 2279 474 2333 auimo
493 2280 726 2347 comprehendas.
751 2281 839 2334 Τέλος
852 2285 947 2335 autem
961 2295 1111 2334 commune
1125 2287 1168 2336 est
1181 2283 1313 2356 idemque

177 2382 210 2420 ae
227 2371 356 2420 nostrum
376 2364 530 2418 libertas.

246 2466 342 2519 Horat.
356 2464 373 2517 l.
388 2465 422 2517 l.:
798 2465 917 2532 Polystr.
932 2464 984 2519 col.
998 2463 1068 2516 XXb
1082 2464 1148 2533 bsq.
1163 2481 1189 2534 p.
1200 2467 1235 2522 28
1242 2469 1281 2523 W.

176 2551 280 2605 lustum
294 2555 322 2604 et
335 2554 464 2603 tenacem
476 2548 612 2617 propositi
623 2549 714 2603 virum
771 2550 848 2616 Αὕτη
867 2550 922 2615 γὰρ
943 2549 1002 2618 (sel.
1016 2545 1144 2616 ἀλήθεια)
1162 2551 1229 2604 οότε
1243 2558 1312 2620 θρα-

177 2651 242 2689 non
268 2635 395 2690 civium
419 2634 521 2687 ardor
544 2650 650 2701 prava
669 2634 714 2688 iu·
770 2635 897 2688 ςόνεςθαι
916 2635 995 2700 παρὰ
1013 2635 1047 2686 τό
1063 2639 1209 2701 προςὴκον
1223 2639 1311 2692 οὐθέν

212 2721 366 2776 beatium
770 2719 879 2786 ποιήςει
898 2719 964 2771 οὔτε
977 2721 1069 2771 κεναῖς
1090 2721 1183 2774 δόξαις
1197 2722 1311 2790 ἀνθρώ-

178 2822 234 2860 non
252 2807 345 2860 voltus
363 2804 496 2858 instantis
515 2805 627 2872 tyranni
770 2805 1019 2856 πωνδουλείιοντα
1027 2804 1111 2857 πόλιν
1122 2806 1313 2872 δειςιδαίμονα

228 2921 230 2930 .
247 2894 343 2944 mente
363 2890 453 2958 quatit
472 2889 564 2942 solida
582 2905 640 2957 eqs.
770 2888 815 2941 καί
832 2893 937 2942 δοῦλον
950 2889 1058 2941 παντὸς
1071 2889 1116 2942 καί
1129 2891 1311 2958 ἐπτοημένον

203 3011 207 3017 .
248 2975 378 3030 Senecl.
392 2976 423 3027 l.:
769 2974 836 3039 περὶ
855 2975 871 3026 δ
891 2975 925 3026 ἂν
944 2974 1026 3040 τύχηι
1050 2975 1123 3028 ἐάςει
1148 2975 1219 3030 είναι
1244 2979 1312 3033 οὔτε

213 3062 272 3114 Rex
292 3064 336 3114 est
355 3060 402 3128 qui
420 3059 514 3128 posuit
533 3061 625 3113 metus
770 3060 851 3126 όλληι
869 3059 924 3112 πινί
943 3057 1033 3112 κακίαι
1049 3060 1236 3125 ἐνεχομένους
1249 3067 1311 3119 τοῖς

214 3149 241 3200 et
259 3145 311 3200 diri
331 3145 408 3198 mala
426 3145 546 3213 pectoris
566 3162 623 3214 eqs.
770 3147 840 3198 κατὰ
852 3148 902 3198 τάς
915 3141 1085 3210 ἀβελτέρους
1098 3148 1182 3201 δόξας
1192 3145 1312 3202 ἀκολου-

214 3231 291 3286 Mens
311 3247 428 3300 regnum
448 3230 523 3283 bona
541 3231 668 3299 possidet
772 3231 893 3282 θοῦντας
930 3230 1040 3295 ποιήςει
1075 3231 1200 3297 γίνεςθαι
1233 3237 1313 3298 μετὰ

213 3317 266 3372 hoc
285 3331 402 3385 regnum
421 3316 475 3369 sibi
495 3315 611 3384 quisque
631 3315 681 3370 dat
770 3315 830 3379 τῆς
853 3319 921 3367 τῶν
945 3317 1084 3369 πολλῶν
1104 3314 1231 3386 ἀνοίας,
1250 3315 1313 3372 ἀλλ’

770 3396 917 3466 ἀθόρυβον
941 3396 1084 3464 ἀληθινῶς
1110 3402 1154 3456 καί
1178 3401 1247 3470 ἀδεῆ
1268 3403 1311 3468 ἔμ’

770 3488 852 3537 πᾶςιν
872 3485 949 3538 εἶναι.

180 3586 219 3641 Cl.
234 3587 319 3642 etiam
338 3587 433 3640 Horat.
447 3586 464 3639 l.
479 3585 496 3638 l.
509 3602 535 3638 v.
550 3583 611 3648 7l8:
652 3601 715 3638 cum
795 3583 912 3654 Polystr.
927 3583 979 3640 col.
993 3585 1057 3640 lllb
1076 3589 1093 3642 ό
1106 3602 1145 3657 sq.
1164 3605 1189 3658 p.
1206 3587 1240 3642 10
1252 3587 1292 3640 W.

214 3673 243 3726 Si
261 3674 368 3728 fractus
387 3671 520 3726 illabatur
539 3671 615 3724 orbis
771 3670 842 3734 αὕτη
862 3671 916 3736 γὰρ
937 3669 997 3738 (sel.
1010 3672 1101 3741 ἀλὴθ.)
1122 3673 1311 3727 ἀςόλευτον

214 3758 421 3827 impavidum
441 3757 543 3811 ferient
560 3757 667 3811 ruinae.
771 3759 847 3809 ποιεί
866 3756 931 3822 περί
950 3758 1067 3812 ἑκάςτου
1086 3761 1139 3826 τήν
1158 3760 1256 3814 πίςτιν.

179 3855 221 3910 Ad
245 3855 362 3926 Polystr.
376 3857 468 3908 locum
494 3855 528 3909 cl.
542 3855 613 3910 Plut.
627 3871 684 3909 non
708 3871 792 3924 posse
816 3873 894 3910 suar.
909 3857 963 3911 viv.
978 3875 1035 3916 see.
1049 3860 1121 3928 Epic.
1136 3860 1161 3927 ό,
1177 3859 1271 3914 1089ο
1292 3862 1308 3928 ὴ

181 3943 292 4007 βέβαιον
316 3939 414 3994 ἐλπίδα
438 3939 483 3993 καί
506 3941 598 4006 χαρὰν
626 3940 817 3994 ἀςιίλευτον
846 3941 917 3994 εἶναι
941 3944 1006 4010 περί
1030 3945 1197 4011 πράγματος
1226 3945 1310 3998 ςοίλον

180 4028 297 4094 ἔχοντος
315 4031 455 4081 τοςοίιτον
474 4030 531 4080 κτλ.
551 4025 754 4097 -Polystrati
778 4026 846 4080 locis
872 4027 934 4081 sine
960 4030 1072 4084 uncinis
1096 4030 1238 4100 signisque
1262 4030 1309 4086 de·

181 4115 288 4184 scripsi,
309 4131 372 4169 cum
392 4130 465 4182 quae
484 4113 622 4182 supplerit
641 4113 731 4167 Wilke
750 4115 828 4166 certo
847 4113 978 4167 restituta
997 4120 1070 4170 sunt.

272 4214 290 4283 ¹)
304 4215 394 4284 Quem
403 4216 536 4281 quattuor
544 4229 606 4265 esse
615 4211 801 4280 compositum
812 4211 1048 4280 disputationibus
1057 4214 1152 4270 docuit
1160 4214 1188 4270 C.
1196 4213 1310 4284 Hubert,

181 4297 214 4353 de
224 4300 367 4356 Plutarchi
381 4299 529 4366 amatorio,
541 4299 632 4366 (1903)
644 4298 678 4351 lt)
687 4312 727 4367 sq.
741 4296 782 4349 Re
795 4313 864 4350 vera
878 4297 1022 4366 ἐρωτικός,
1035 4301 1139 4365 γαμικὰ
1151 4300 1310 4366 παραγγέλ-

182 4399 260 4452 ματα,
275 4385 399 4452 ἐρωτικὰ
411 4384 579 4450 διηγήματα,
592 4384 686 4447 γόμου
695 4381 798 4449 singuli
809 4381 1019 4438 exhortationes
1031 4384 1227 4454 distinguenda
1236 4389 1309 4452 sunt,

180 4485 306 4538 quaeres
317 4469 424 4524 similes
435 4468 588 4535 continent,
600 4467 804 4536 compositione
816 4481 875 4521 non
888 4483 1004 4536 prorsus
1017 4469 1091 4526 inter
1104 4487 1135 4526 se
1148 4471 1309 4526 cohaerent.
