3270 5250
312 525 358 589 24
744 531 871 586 Robert
894 531 1013 597 Bloch,
1357 519 1446 604 [286]

312 726 410 783 μενοε
430 705 472 769 εἰε
491 705 605 783 ἀρετὴν
621 706 671 767 διὰ
688 704 791 783 φιλίαε
808 706 954 782 τελευταῑ,
974 720 1056 782 quae
1074 700 1333 784 Chrysippum
1353 699 1447 763 redo-

310 807 420 887 lentl).
433 806 530 869 Hunc
543 806 674 888 quidem
687 823 827 869 amorem
840 804 933 885 φύειν
945 805 1038 885 sequi
1051 804 1226 867 contendit.
1242 803 1321 866 Tum
1335 808 1446 866 contra

311 910 464 974 mulieres
493 910 605 973 dicens
633 909 824 992 Aristippi
848 911 1075 991 argumentum
1099 909 1235 990 usurpat
1257 907 1334 988 (750
1348 905 1445 987 dsq.),

311 1029 388 1076 oum
403 1011 568 1075 muliebris
584 1013 700 1074 amoris
719 1012 808 1074 τέλοε
827 1027 897 1074 esse
916 1010 1039 1086 ἡδονήν
1059 1011 1107 1073 καὶ
1127 1009 1298 1073 ἀπόλαυειν
1317 1010 1444 1086 statuit3

311 1114 587 1195 ermessendem,
599 1115 808 1190 ιιοιιγνήειον.
825 1111 1018 1195 Daphnaens
1028 1111 1445 1193 adversarinstvlhlbsq.)

311 1238 453 1283 amorem
472 1237 647 1302 puerorum
664 1218 752 1295 παρὰ
771 1216 871 1297 φύειν,
895 1216 997 1280 νόθον
1021 1235 1085 1278 non
1104 1217 1231 1292 γνήειον
1252 1221 1351 1279 vocat.
1386 1218 1445 1278 At-

312 1341 375 1405 que
400 1321 622 1385 definitionem
646 1320 786 1384 Stoicam
810 1321 1003 1402 impugnans
1028 1320 1136 1397 φιλίαν
1160 1321 1209 1383 καὶ
1233 1320 1348 1397 ἀρετὴν
1373 1337 1444 1382 esse

309 1423 473 1503 πρόφαειν
496 1423 675 1507 profitetur,
700 1442 795 1506 quem
823 1423 930 1486 locum
953 1424 1016 1485 iam
1040 1424 1304 1500 memoravimus3
1330 1423 1391 1486 hoo
1415 1423 1444 1485 si

309 1526 426 1589 falsum
451 1528 505 1607 sit,
534 1525 625 1604 ἀτελῆ
655 1545 726 1590 esse
754 1545 928 1608 puerorum
955 1543 1104 1589 amorem.
1142 1525 1314 1589 Συνουείαν
1343 1526 1445 1608 igitur

311 1629 415 1691 omnis
439 1629 555 1690 amoris
572 1629 661 1693 τέλοε
680 1647 749 1693 esse
769 1628 887 1692 debere
906 1631 1023 1692 censet
1060 1628 1150 1692 Haec
1174 1648 1250 1692 vero
1275 1629 1331 1709 qui
1355 1628 1443 1710 dicit

308 1752 377 1794 non
400 1751 470 1796 esse
491 1751 565 1796 eum
585 1731 728 1796 Stoicum
748 1751 843 1795 nemo
862 1751 928 1795 non
946 1731 1113 1814 intellegit.
1149 1730 1368 1794 Nihilominus
1392 1751 1443 1794 ar-

309 1839 499 1916 gumentum
512 1833 655 1897 Stoicum
667 1835 702 1896 in
717 1853 813 1897 usum
826 1853 921 1896 suum
935 1835 1100 1915 convertit,
1116 1853 1233 1917 nempe
1247 1833 1328 1896 illud
1344 1834 1441 1912 ἀτελῆ

310 1955 381 2001 esse
400 1937 499 2001 οίκίον
517 1939 574 2014 τήν
594 1937 670 2002 ἀνευ
685 1937 789 2016 γάμου
808 1939 884 2020 (qua
899 1938 939 2002 de
954 1957 995 2002 re
1009 1938 1048 2001 cl.
1065 1938 1240 2002 Praeohter
1259 1939 1320 2017 68).
1345 1937 1441 2001 Unde

308 2042 516 2124 perspicuum
535 2046 584 2104 est
608 2045 811 2124 utrumque
836 2041 970 2106 iisdem
992 2041 1189 2124 argumentis
1209 2059 1304 2104 usum
1328 2041 1441 2103 alter-

303 2133 387 2208 'utri
411 2144 580 2228 opprobria
603 2144 678 2208 darc
703 2145 842 2208 eadem.

398 2248 466 2310 Iam
494 2246 535 2310 ad
562 2251 708 2310 nostrum
736 2247 879 2312 libellum
902 2247 1012 2312 redeat
1040 2247 1220 2330 disputatio.
1255 2247 1329 2328 Ipse
1353 2247 1440 2310 enim

308 2349 527 2413 Callicratidas
547 2350 650 2428 ἔρωτα
668 2355 824 2425 γυναικῶν
840 2350 1015 2415 ἀκόλαστον
1035 2368 1105 2414 esse
1124 2350 1245 2427 ἡδονήν
1265 2349 1440 2430 contendit,

306 2453 431 2516 παίδων
450 2470 591 2515 amorem
611 2452 775 2535 praedicat
794 2456 1027 2530 εωφρονούεαν
1047 2451 1208 2532 εύνοιανῖ)
1231 2454 1283 2532 (37
1306 2471 1335 2534 p.
1351 2452 1438 2533 439).

308 2554 390 2616 Uter
416 2572 504 2616 amor
533 2555 684 2616 maiorem
708 2552 860 2635 praebeat
881 2554 991 2632 τέρψιν
1015 2560 1047 2617 et
1070 2553 1241 2618 ἀπύλαυειν
1265 2554 1439 2636 explanare

308 2657 422 2720 volunt
433 2657 620 2735 adversarii3
636 2657 674 2720 cl.
685 2656 841 2720 Chariclis
853 2657 931 2721 haec
943 2659 997 2740 (25
1011 2679 1040 2740 p.
1049 2659 1140 2740 tam:
1154 2660 1203 2720 καὶ
1212 2658 1249 2722 τό
1260 2679 1296 2733 γε
1305 2663 1437 2735 πρῶτον

306 2760 370 2835 ἐγὼ
389 2764 490 2824 πάεαν
511 2760 681 2824 ἀπόλαυειν
700 2760 837 2837 ἡγοῦμαι
860 2763 1072 2839 τερπνοτέραν
1098 2757 1173 2825 εἶναι
1196 2764 1254 2839 τὴν
1278 2765 1438 2839 χρονιώ-

305 2883 433 2939 τερον·
447 2863 548 2928 ὀξεῖα
559 2863 619 2940 γὰρ
633 2863 732 2939 ἡδονὴ
746 2866 934 2939 παραπτάεα
948 2864 1061 2941 φθάνει
1074 2866 1146 2941 πρὶν
1159 2865 1178 2941 ἢ
1190 2868 1370 2940 γνωεθῆναι
1382 2884 1436 2927 πε-

305 2965 514 3041 παυμένη·τὸ
528 2964 741 3042 δἐύφραίνον
754 2964 789 3026 έν
801 2966 1094 3042 τῶιπαρέλκοντι
1108 2964 1163 3050 (20
1176 2965 1437 3048 ρ.420;ύλίγηε

304 3069 424 3145 ἡδονῆε
444 3069 745 3146 ἀντικατηλλάξαντο
770 3069 935 3146 μεγάλην
953 3068 1098 3147 ἀδοξίαν;
1120 3089 1148 3131 ν.
1161 3070 1258 3132 Isocr.
1270 3069 1437 3152 Euag.45)

305 3190 380 3234 oum
397 3170 617 3235 Callicratidas
636 3168 832 3253 argumentis
848 3173 900 3252 (37
919 3191 947 3254 p.
959 3173 1054 3254 438):
1082 3171 1177 3236 ούτόε
1194 3172 1253 3236 έετι
1269 3172 1336 3254 (sol.
1353 3173 1436 3251 έρωε

304 3275 468 3352 πάνδημα(
485 3303 518 3325 =
535 3274 711 3353 muliebris)
734 3278 789 3351 τῆε
812 3275 1005 3352 ἐφημέρου
1029 3274 1141 3353 ταύτηε
1164 3275 1288 3354 ύβρεωε
1312 3276 1436 3352 ἑταῑροε

304 3379 365 3439 κτλ.
385 3377 439 3458 (49
457 3396 485 3459 p.
497 3377 587 3457 452)ss
608 3377 696 3440 ταῦτ’
717 3377 833 3440 εἰδότε(
852 3376 879 3438 ἀι
898 3377 1024 3458 νεανίαι,
1045 3377 1225 3455 ειυφρόνωε
1240 3378 1341 3440 παιείν
1358 3377 1435 3450 ἀγα-

396 3557 417 3625 ¹)
435 3555 531 3610 Arnim
551 3557 585 3609 lll
604 3557 656 3610 716
673 3574 698 3625 p.
715 3557 767 3610 180
780 3572 835 3625 sq.;
862 3555 947 3610 etiarn
967 3556 1091 3622 ὀρέξειν(
1110 3560 1138 3610 ct
1157 3558 1249 3611 malae
1274 3558 1368 3623 ὁρμῆε
1393 3556 1435 3610 di·

303 3642 416 3695 stinctio
431 3641 578 3712 Chrysippi
593 3646 648 3707 est;
668 3642 702 3695 cl.
716 3642 817 3709 Hirzel,
835 3642 1000 3696 Untersuch.
1015 3658 1050 3695 zu
1070 3641 1183 3696 Ciceros
1203 3641 1304 3710 philos.
1318 3641 1396 3695 Schr.
1412 3643 1434 3695 ll

302 3727 355 3780 383
366 3744 406 3796 sq.
420 3726 457 3795 (v.
472 3745 495 3780 e.
511 3745 534 3796 g.
548 3727 652 3781 Arnim.
667 3728 701 3781 Ill
714 3728 806 3796 4641).
820 3726 889 3796 116).

394 3824 415 3892 ²)
433 3826 492 3879 Vox
515 3825 611 3880 Stoica
633 3825 744 3880 videtur
770 3842 845 3891 esse3
870 3825 903 3879 cl.
924 3825 1255 3893 Bonhoher1285,288.
1284 3826 1356 3879 Nam
1381 3827 1434 3880 etsi

301 3909 360 3963 iam
378 3909 408 3962 in
426 3910 749 3964 Pseudo-Demosthenis
768 3913 852 3965 amat.
873 3911 907 3964 13
926 3911 1070 3979 reperitur,
1090 3915 1186 3965 tamen
1204 3910 1348 3964 Plutarchi
1366 3927 1434 3980 quo·

303 4011 356 4063 qne
383 3996 462 4049 locus
489 3995 535 4049 hic
558 3995 654 4064 (amat.
674 3997 699 4062 5,
715 3996 800 4064 751d)
820 3995 1011 4063 respiciendus
1031 3998 1081 4061 est,
1102 4012 1156 4064 quo
1170 3995 1341 4063 Daphnaeus
1361 3995 1434 4049 Stoi-

302 4094 400 4132 corum
419 4096 576 4134 sermonem
596 4080 651 4134 nisi
670 4081 752 4134 fallor
765 4080 902 4134 imitatur:
923 4079 947 4133 εἰ
959 4083 1013 4145 γὰρ
1028 4081 1045 4146 ἡ
1060 4081 1138 4147 παρὰ
1152 4080 1235 4146 φύειν
1250 4079 1346 4144 ὁμιλία
1359 4083 1434 4147 πρὸε

302 4161 425 4231 ᾀρρεναε
451 4165 503 4216 ούκ
530 4167 638 4232 ἀναιρεῖ
660 4166 714 4232 τὴν
740 4166 913 4232 ἐρωτικὴν
939 4166 1076 4220 εὔνοιαν
1104 4165 1171 4217 οὐδὲ
1198 4165 1325 4232 βλάπτει,
1358 4167 1433 4218 πολὺ

304 4252 409 4312 μᾶλλον
429 4249 503 4303 είκόε
522 4251 576 4303 ἐετι
595 4253 647 4304 τὸν
661 4256 804 4315 γυναικῶν
818 4253 835 4317 ἢ
851 4254 966 4318 ἀνδρῶν
981 4253 1076 4318 ἔρωτα
1089 4255 1135 4316 τῆι
1149 4250 1231 4316 φύεει
1245 4249 1293 4304 alc
1312 4251 1434 4317 φιλίαν

302 4336 356 4387 διὰ
374 4336 516 4400 χοίριτοε
535 4336 746 4403 ἐξικνεῑεθαι,
766 4337 915 4391 invertitur
934 4337 1009 4390 enim
1022 4335 1091 4390 illud
1103 4335 1277 4404 Protogenis:
1300 4335 1347 4388 εἰ(
1361 4333 1434 4403 ἀρε-

301 4419 365 4485 τὴν
385 4421 440 4473 διὰ
459 4420 577 4485 φιλίαε
595 4423 752 4474 τελευτάι
772 4420 816 4489 (cl.
832 4421 895 4476 adn.
912 4421 946 4488 1).
