3240 5252
140 513 225 598 [257]
421 541 422 544 ¹
585 517 683 572 Studia
702 517 838 572 Tulliana.
1227 516 1268 578 97

225 691 274 755 De
298 689 433 771 fin.1V‚
458 690 516 751 56:
548 689 631 754 Zeno
652 696 743 774 nepot
767 689 934 772 Platonem,
953 694 981 756 ei
1000 695 1121 777 aopuua
1135 713 1198 757 nou
1220 697 1270 776 eii,

138 797 238 860 eadem
261 815 324 859 esse
347 797 383 858 iu
410 813 512 873 ceusu,
543 814 604 879 quo
632 800 800 878 tyranuum
825 794 1025 880 Dionysium
1058 815 1171 858 eorum
1199 796 1270 861 loco

138 917 217 980 quae
242 903 334 961 sunt:
359 899 394 959 in
419 916 484 978 qua
502 901 659 977 tyrannus
678 896 784 960 fuerit
1069 903 1073 910 '

224 999 273 1064 De
297 1019 342 1063 or.
358 999 401 1080 Π,
428 999 508 1061 277:
540 998 597 1063 nse
619 999 730 1064 beilm
758 1001 838 1065 ituci
860 1022 983 1086 quoque,
1011 1023 1049 1066 en
1071 1021 1130 1087 quo
1151 1005 1187 1084 ia,
1215 1007 1270 1088 qui

137 1106 223 1185 dicit,
247 1104 405 1168 irridetur
420 1105 455 1166 in
478 1123 511 1167 eo
527 1105 591 1187 ipso
602 1124 719 1188 penore,
744 1125 803 1188 quo
818 1105 913 1183 dictu
938 1124 995 1186 pro
1013 1106 1059 1168 eis
1076 1125 1157 1187 quac
1173 1110 1267 1170 sunt:

137 1209 168 1270 in
193 1227 256 1288 quo
281 1205 422 1268 irridens
446 1204 537 1267 dixit,

242 1309 291 1373 De
321 1314 385 1371 nat.
410 1307 495 1371 deor.
515 1308 538 1388 Ι,
563 1310 622 1371 31:
654 1329 731 1394 quoe
759 1317 832 1374 aunt
860 1312 955 1375 Mem
986 1315 1021 1377 in
1049 1315 1164 1376 errotis
1193 1313 1268 1396 fere,

137 1415 242 1500 quibus
269 1436 314 1495 eo,
343 1434 420 1498 quoe
447 1412 485 1475 de
507 1412 636 1477 Platone
662 1413 811 1493 decimum
840 1414 954 1497 plenae
978 1416 1156 1479 sentcntiae
1180 1417 1269 1481 loco:

136 1519 169 1580 in
193 1517 312 1599 quibus
338 1535 376 1580 ea
399 1522 482 1579 sunt,

224 1619 274 1684 De
291 1617 392 1700 siml,
409 1619 468 1682 49:
493 1622 529 1682 in
550 1619 656 1683 eodem
678 1640 771 1684 consu
794 1627 874 1701 sunt,
898 1642 960 1706 quo
982 1628 1054 1686 onte
1072 1643 1165 1706 quom
1183 1627 1267 1704 nati3

136 1743 191 1805 pro
215 1723 261 1786 eis
286 1741 370 1803 quae
394 1726 483 1784 sunt:
509 1722 543 1784 in
567 1741 631 1803 qua
654 1720 787 1784 fuerunt
810 1729 883 1786 ante
907 1742 1003 1804 quam
1027 1725 1092 1787 nati
1117 1730 1200 1787 sunt.

225 1825 262 1888 ad
279 1825 346 1887 Att.
360 1823 448 1905 Vlll,
463 1826 519 1886 15:
545 1823 586 1887 In
597 1824 702 1888 eodem
718 1828 859 1907 opinione
874 1824 934 1907 fui,
950 1847 1011 1910 qun
1027 1827 1139 1911 reliqui
1150 1848 1266 1908 omnem

138 1948 243 1992 eorum
271 1928 343 1991 loco
368 1932 564 2008 quaesunt:
589 1928 624 1989 in
649 1945 713 2007 qua
735 1927 850 2010 reliqui
876 1947 986 1991 omnes
1011 1930 1151 1993 fuerunt.

231 2107 265 2170 B.
297 2106 401 2170 Abest
423 2107 616 2188 praepositio
640 2108 675 2169 in
698 2110 771 2169 ante
794 2105 921 2169 relativi
944 2109 1172 2171 accusativum.

224 2233 290 2296 Cic.
303 2252 362 2314 pro
375 2232 466 2296 Rosa.
478 2233 549 2295 Am.
560 2232 621 2294 44:
639 2230 681 2294 In
696 2252 783 2316 quem
799 2232 853 2296 noc
868 2232 978 2314 dicum,
995 2237 1126 2319 quoeris,
1143 2234 1244 2300 Eruci
1250 2237 1265 2299 l

135 2335 204 2400 Non
227 2340 262 2400 in
290 2357 370 2417 eum,
400 2356 487 2420 quem
511 2337 554 2398 u's
576 2341 604 2398 et
626 2343 735 2418 putum
767 2355 824 2417 pro
855 2335 949 2417 pleno
981 2337 1162 2401 accusativo
1192 2359 1266 2402 cum

135 2439 310 2501 infinitivo:
335 2438 371 2500 in
395 2455 489 2518 quem
515 2437 577 2499 hoc
600 2456 651 2500 me
675 2437 782 2500 dicere
808 2439 856 2500 vis
880 2440 912 2501 et
933 2444 1035 2520 putas.

239 2541 292 2605 Ad
313 2541 378 2603 Att.
399 2539 455 2621 III,
477 2541 527 2621 19,
547 2541 583 2602 2:
608 2539 662 2604 Me
681 2547 751 2604 tuae
769 2540 887 2604 litterae
905 2561 1074 2626 numquam
1093 2545 1129 2605 in
1147 2549 1267 2608 tontum

133 2666 212 2728 spem
240 2645 451 2724 adduxerunt,
482 2649 630 2727 quonium
657 2643 806 2720 oliorum3
837 2662 894 2724 pro
923 2643 969 2704 eis
999 2662 1080 2725 quae
1108 2650 1198 2708 sunt:
1231 2647 1266 2708 in

134 2753 284 2829 quantam
309 2765 361 2810 mc
384 2746 591 2809 adduxerunt
613 2745 737 2809 litterae
761 2745 904 2808 aliorum.

220 2849 347 2916 Oornel.
367 2848 447 2932 Nep.
464 2849 528 2912 Vit.
548 2848 626 2912 Cim.
648 2851 677 2929 3,
703 2852 737 2911 1:
768 2849 884 2928 Quibm
909 2849 1000 2914 rebus
1026 2871 1093 2915 cum
1122 2872 1204 2916 unus
1231 2856 1267 2917 in

132 2957 249 3020 ciuitate
267 2955 403 3017 mumma
419 2952 550 3035 floreret,
569 2953 680 3016 incidit
697 2955 732 3016 iu
747 2953 874 3016 eandem
889 2953 1050 3033 inuidiam,
1069 2975 1162 3039 quum
1172 2962 1266 3039 poter

7 3047 8 3072 l
131 3079 203 3123 suus
217 3059 367 3140 ceterique
376 3054 609 3119 Atheniensium
623 3058 792 3139 principem
810 3074 919 3118 eorum
938 3055 1009 3120 loco
1026 3063 1212 3138 quaesunt:
1230 3059 1264 3120 in

132 3179 225 3242 quam
245 3162 339 3242 pater
358 3159 428 3221 eius
447 3158 609 3240 ceterique
627 3158 876 3221 Atheniensium
894 3159 1057 3241 principes
1075 3159 1264 3225 inciderant

219 3260 305 3325 Vell.
321 3261 445 3324 Patere.
461 3260 485 3341 I,
504 3262 521 3322 7
539 3258 657 3323 Halm:
678 3263 733 3346 qui
750 3264 863 3342 nitunt,
883 3281 920 3324 ne
937 3263 973 3324 in
992 3263 1033 3342 id,
1053 3264 1134 3347 quod
1148 3263 1264 3330 Home-

7 3405 8 3434 4
131 3364 399 3442 rusincideret1)3
419 3382 476 3444 pro
497 3364 542 3425 eis
563 3382 644 3445 quae
664 3369 754 3426 sunt:
775 3382 816 3426 ne
835 3364 868 3425 in
887 3362 920 3423 id
940 3363 1105 3445 incideret,
1126 3366 1159 3426 in
1176 3366 1264 3447 quod

129 3468 293 3532 Homerus
317 3464 482 3528 inciderat

435 3645 466 3708 Ο.
491 3644 689 3727 Praepositio
713 3646 750 3709 de
773 3644 890 3707 omissa
913 3649 970 3706 est.

218 3778 287 3841 Cic.
304 3775 353 3839 De
372 3795 415 3838 cr.
432 3775 456 3856 Ι,
483 3777 562 3838 101;
591 3775 671 3839 Tum
694 3774 795 3838 Cotto:
817 3774 968 3853 Quoniam
988 3773 1054 3852 icil)
1077 3777 1159 3860 quod
1173 3778 1262 3860 diffi.

127 3883 278 3946 cillimum
299 3877 384 3942 nobis
403 3879 570 3957 uidebatur,
593 3885 628 3942 nt
646 3881 768 3951 omnino
787 3878 824 3941 de
842 3880 882 3941 iis
899 3877 995 3958 rebus,
1022 3877 1138 3960 Crasse,
1161 3881 1262 3966 loque-

127 4007 203 4066 rere,
228 3984 360 4048 concuti
382 4003 494 4064 snmus,
518 3983 555 4046 de
578 3984 694 4068 reliquo
717 3985 780 4046 ium
805 3987 909 4045 nostru
932 3981 1023 4064 culpo
1044 3981 1151 4064 fuerit,
1174 3987 1203 4047 si
1225 3993 1260 4068 te,

221 4154 240 4222 ¹)
262 4151 402 4224 incideret
427 4151 512 4206 editio
540 4151 680 4220 princepS‚
710 4168 765 4220 qua
791 4151 870 4204 nisus
898 4150 1045 4205 Robinson
1073 4152 1142 4206 Ellis
1169 4170 1259 4222 nuper

128 4243 176 4308 qui
194 4240 293 4291 enavit
311 4237 342 4307 ἰᾷ
361 4238 391 4288 e'n
410 4238 481 4304 quod
492 4237 630 4289 Homerus
649 4238 785 4290 inciderat
798 4236 920 4290 scribere
933 4236 1031 4303 voluit,
1050 4236 1196 4292 immemor
1212 4239 1260 4294 ille

128 4325 241 4394 quidem
260 4321 327 4396 loci,
348 4338 429 4390 quem
450 4339 465 4375 e
485 4322 600 4391 Nepotis
619 4322 691 4376 libro
709 4338 795 4390 supra
814 4321 967 4375 attulimus

219 4408 241 4478 ²)
261 4408 292 4458 id
304 4407 420 4460 inclusit
430 4407 597 4474 Fridericus,
611 4393 715 4462 iniuria
729 4411 836 4472 tamem
856 4405 952 4459 confer
964 4405 1047 4460 huius
1063 4407 1128 4461 diss.
1143 4425 1204 4478 pag.
1215 4409 1258 4465 93.

1117 4516 1150 4570 17
