3228 5268
351 487 391 548 18
790 490 901 544 Xaver
920 489 1038 555 Hurth,

439 662 501 726 Sed
526 681 719 744 quamquam
735 661 919 744 compositio
935 660 1154 723 laudationum
1169 661 1395 724 Anaximenes
1409 679 1477 742 par·

348 765 460 828 titione
472 765 630 827 bonorum
643 765 832 847 continetur,
849 769 956 828 tamen
971 763 1132 828 rhetorem
1146 765 1181 826 in
1193 764 1256 826 illis
1273 762 1477 845 disponendis

349 868 494 932 ordinem
511 871 690 952 temporum
710 869 878 933 observare
894 868 1058 931 studuisse
1077 870 1215 951 apparet.
1238 867 1322 931 Nam
1340 868 1477 949 primum

350 971 481 1054 quidem
510 971 599 1033 laudi
629 971 785 1034 bonorum
809 975 1016 1035 externorum
1039 972 1151 1053 (γένος,
1176 970 1300 1052 κάλλος,
1326 970 1438 1052 ῥώμη),
1461 990 1478 1032 a

350 1076 467 1158 quibus
484 1075 588 1138 omnis
603 1075 744 1138 laudatio
768 1094 810 1138 ex
834 1081 1014 1158 temporum
1036 1075 1159 1137 ratione
1182 1072 1336 1156 disposita
1352 1074 1479 1136 initium
1594 1131 1595 1158 Ξ

349 1179 442 1260 capit,
453 1178 592 1261 primum
602 1177 818 1259 dispositionis
827 1177 934 1241 locum
943 1177 1099 1256 attribuit;
1110 1177 1316 1240 tumlaudem
1325 1177 1480 1238 virtutum
1594 1183 1595 1194 1

348 1282 491 1364 ipsarum
514 1281 554 1343 ad
575 1285 639 1343 tres
663 1280 733 1343 illas
758 1284 876 1345 aetates
900 1281 1163 1360 accommodavit3
1186 1281 1317 1353 accedit,
1342 1280 1429 1362 quod
1447 1280 1479 1341 in
1594 1257 1595 1314 l

349 1384 583 1467 vituperatione
599 1384 668 1466 ipse
680 1385 796 1463 sesso
809 1387 950 1451 διεξιέναι
964 1383 1047 1447 velle
1061 1383 1138 1446 dicit
1148 1384 1177 1465 1).
1200 1381 1480 1464 Deprehendimus
1594 1393 1595 1418 ,

349 1488 449 1570 igitur
458 1487 695 1550 Anaximenem
707 1487 786 1551 duas
799 1488 1017 1551 laudationum
1030 1485 1322 1568 componendarum
1333 1486 1480 1566 rationes,
1594 1527 1595 1544 ι

351 1609 489 1671 quarum
509 1589 609 1652 altera
631 1591 730 1652 vitam
753 1590 903 1672 factaque
926 1609 944 1653 e
964 1589 1076 1652 ordine
1096 1594 1274 1670 temporum
1296 1587 1421 1670 profert
1439 1625 1481 1635 -
1594 1575 1595 1580 ἵ

351 1711 433 1774 quae
458 1697 506 1756 est
529 1693 663 1774 pristina
686 1693 741 1755 illa
758 1730 812 1774 -,
832 1693 932 1756 altera
956 1691 995 1755 ad
1018 1690 1281 1775 philosophorum
1305 1690 1482 1753 doctrinam
1594 1687 1595 1782 ᾗ

351 1794 589 1859 accommodata
609 1794 788 1858 secundum
808 1797 943 1859 virtutes
966 1795 1019 1858 vel
1038 1794 1121 1857 bona
1135 1792 1265 1857 laudem
1280 1793 1431 1875 disponit,
1449 1794 1482 1855 in
1594 1857 1595 1880 ,

350 1917 453 1960 unum
476 1897 621 1979 redigere
639 1905 788 1960 conatum
807 1917 885 1962 esse.
916 1897 986 1974 Qua
1008 1898 1043 1958 in
1066 1915 1101 1959 re
1125 1895 1269 1960 rhetores
1292 1898 1482 1978 posteriores
1594 1883 1595 1886 ¹

351 2022 425 2067 eum
441 2005 544 2068 secuti
567 2008 643 2066 sunt
660 2003 917 2082 studueruntque
935 1999 1190 2081 difficultatibus
1207 2019 1286 2081 quas
1299 1999 1482 2063 coniunctio
1594 1991 1595 2016 ¹

349 2106 511 2168 rationum
528 2105 656 2167 illarum
671 2104 765 2187 plane
782 2103 981 2167 diversarum
997 2101 1159 2183 atterebat,
1176 2102 1330 2186 paulatim
1346 2102 1481 2166 mederi:
1594 2125 1595 2142 ι

352 2209 438 2290 quod
458 2206 617 2290 quomodo
642 2207 841 2270 instituerint
862 2207 948 2270 intra
969 2205 1159 2270 videbimus,

441 2310 667 2394 Xenophontis
680 2313 787 2373 autem
802 2310 932 2374 schema
944 2310 1020 2373 inde
1038 2309 1147 2372 abillo
1165 2311 1307 2390 tempore
1324 2309 1483 2372 oblivione
1594 2317 1595 2410 J

350 2414 445 2498 plane
476 2414 626 2477 obrutum
650 2432 720 2477 esse
743 2413 885 2493 videtur,
920 2413 1084 2496 ‘Agesilai’
1108 2413 1194 2475 euim
1222 2413 1484 2494 compositionem
1594 2413 1595 2416 ’

352 2522 492 2580 oratores
522 2519 556 2579 et
586 2515 728 2578 rhetores
761 2519 887 2579 secutos
919 2535 983 2578 non
1018 2533 1089 2580 esse
1121 2514 1197 2578 inde
1230 2520 1369 2599 apparet,
1399 2516 1484 2598 quod
1594 2519 1595 2570 ὲ

352 2618 509 2700 Iuhanus,
534 2619 591 2700 qui
615 2617 719 2680 denuo
744 2619 879 2680 virtutes
903 2623 934 2681 et
956 2617 1042 2681 facta
1065 2619 1199 2680 seorsim
1217 2621 1338 2699 tractat,
1363 2637 1399 2682 se
1422 2619 1486 2700 pri-

352 2742 442 2784 mum
465 2721 548 2784 hanc
569 2721 773 2802 partitionem
789 2719 972 2784 adhibuisse
987 2720 1182 2803 gloriaturl).
1206 2720 1325 2784 Iuliani
1345 2721 1485 2804 denique
1594 2713 1595 2724 ,

352 2824 480 2907 partitio
511 2823 587 2886 inde
611 2822 757 2886 emedio
789 2827 899 2904 quarto
930 2830 1001 2904 post
1025 2823 1189 2887 Christum
1216 2823 1344 2887 saeculo
1369 2825 1486 2888 iterum

353 2929 388 2990 in
412 2945 474 2989 usu
504 2925 604 2989 fuisse
628 2925 769 3004 videtur,
802 2925 884 2989 duae
913 2927 997 2989 enim
1023 2924 1170 3007 Gregorii
1192 2925 1389 2990 Nazianzeni
1418 2947 1485 2990 ora·
1594 2983 1595 2994 ι

353 3033 456 3094 tiones
486 3029 638 3093 funebres
670 3029 710 3092 ad
734 3049 804 3093 eam
831 3030 1023 3113 compositae
1048 3033 1130 3111 sunt,
1163 3029 1202 3093 de
1226 3050 1290 3112 qna
1312 3049 1348 3093 re
1371 3030 1408 3092 in
1431 3050 1486 3094 ex-

354 3132 523 3217 planandis
549 3132 618 3195 eius
643 3132 841 3196 orationibus
864 3133 969 3196 insius
993 3153 1093 3215 agam.
1594 3209 1595 3218 2

444 3236 683 3300 Anaximenem
693 3235 1094 3316 sequiturAristoteles3
1109 3235 1149 3297 ad
1162 3253 1257 3317 quem
1268 3254 1343 3297 oum
1350 3239 1485 3315 transeo,

355 3341 417 3403 hoc
432 3357 633 3423 praemoneo,
650 3337 738 3400 illius
755 3342 854 3401 artem
871 3339 910 3401 ad
925 3338 1108 3401 mutandam
1126 3337 1306 3420 augendam
1322 3338 1486 3421 explicari·
1594 3357 1595 3366 ¹

355 3441 428 3505 dam
450 3441 672 3504 laudationum
695 3442 957 3525 compositionem
971 3441 1053 3503 nihil
1069 3440 1268 3504 attribuisse:
1284 3440 1485 3504 laudationes
1594 3467 1595 3506 3

353 3543 1486 3628 posterioresdispositionesquerhetorumeandemquamnuncformam

354 3646 551 3728 praeberent,
581 3647 704 3709 etiamsi
730 3646 912 3729 philosophi
940 3665 990 3709 ars
1017 3666 1083 3709 non
1112 3647 1294 3709 exstitisset.
1335 3648 1485 3710 Attamen
1594 3703 1595 3712 ,

355 3748 450 3832 plane
479 3749 548 3812 eius
577 3751 679 3811 artem
701 3750 875 3830 praeterire
898 3769 963 3811 non
985 3749 1069 3831 lieet,
1098 3750 1174 3832 quia
1197 3749 1324 3830 singula
1347 3768 1486 3813 comme-
1594 3767 1595 3782 1

355 3871 480 3915 morare
500 3850 638 3934 expedit,
664 3871 746 3934 quae
765 3853 800 3914 in
819 3853 879 3915 hac
895 3851 1124 3936 disceptatione
1148 3852 1294 3915 omittere
1318 3871 1445 3934 nequeo
1456 3854 1485 3928 3).

446 4048 466 4116 ¹)
484 4047 760 4116 Spengel-Hammon,
780 4049 850 4102 rhet.
871 4065 961 4117 graec.
981 4049 992 4101 l
1011 4049 1036 4117 2,
1051 4048 1094 4115 84,
1108 4046 1139 4101 8:
1159 4048 1211 4100 ‘bet
1230 4049 1261 4100 δὲ
1282 4048 1319 4114 μή
1339 4050 1485 4115 (κώπτειν,
1594 4057 1595 4068 1

356 4133 391 4186 ὃν
411 4133 445 4185 ἂν
465 4136 675 4200 κακολογῶμεν,
701 4133 771 4186 ἀλλὰ
790 4133 917 4188 διεξιέναι
938 4134 991 4186 τὸν
1015 4131 1086 4198 βίον’
1106 4133 1173 4187 dicit
1199 4133 1234 4186 de
1253 4132 1484 4202 ‘vituperatione'.

447 4217 468 4286 ¹)
487 4217 582 4271 Oratio
601 4217 632 4271 in
652 4217 796 4272 Constant.
815 4217 880 4287 imp.
900 4218 919 4271 4
937 4217 983 4272 CD
1003 4217 1037 4286 (p.
1057 4218 1074 4270 5
1093 4217 1234 4287 Hertlein).

447 4303 469 4371 8)
489 4301 557 4354 Mihi
570 4318 772 4370 proposueram
783 4304 838 4356 hoe
852 4305 915 4357 loco
930 4302 1072 4370 copiosius
1083 4301 1228 4370 disserere,
1240 4319 1312 4371 quae
1328 4304 1402 4358 ratio
1415 4303 1486 4358 inter
1594 4271 1595 4332 l

356 4386 562 4440 Anaximenem
581 4390 608 4440 et
627 4386 816 4458 Aristotelem,
836 4388 910 4456 quod
929 4387 1073 4456 utriusque
1092 4390 1244 4455 praecepta
1263 4388 1298 4442 de
1318 4405 1421 4457 genere
1440 4390 1487 4443 dc·
1594 4379 1595 4384 ἵ
