3228 5268
370 475 411 544 36
809 487 919 544 xaver
937 489 1055 557 Hurth,

369 661 550 724 certamina.
583 659 673 737 Quae
707 657 836 742 quidem
870 659 954 724 dona
985 660 1067 724 bene
1102 662 1168 725 scic
1203 677 1267 724 non
1303 661 1409 725 solum
1442 658 1492 726 die

367 765 500 846 funeris,
531 764 704 829 sedetiam
736 763 806 827 aliis
836 762 950 828 diebus
981 764 1179 828 solemnibus
1208 763 1248 826 ad
1277 769 1421 827 mortuos
1441 779 1493 828 re·

368 867 520 932 colendos
549 867 730 931 constituas
757 867 891 930 mortuis
919 867 1038 932 offerre
1066 867 1208 930 Graecos
1234 867 1446 931 consuevisse
1456 868 1492 949 λίς

367 967 425 1034 sed
448 975 554 1033 orator
567 970 672 1052 pergit
687 986 778 1032 suam
794 971 970 1034 orationem
985 970 1169 1034 memoriam
1186 969 1328 1034 Caesarii
1342 969 1494 1033 omnibus

366 1072 596 1156 posterioribus
627 1072 764 1136 saeculis
795 1073 929 1149 tradere,
960 1071 1044 1136 dona
1070 1091 1146 1136 vero
1177 1071 1232 1134 iIIa
1258 1077 1395 1135 externa
1424 1087 1492 1135 esse

367 1174 497 1256 caduca,
522 1174 542 1238 ἃ
564 1173 668 1238 πάντα
690 1176 927 1254 κατέκρυψεν
951 1175 994 1239 ἂν
1019 1177 1167 1254 ςήμερον
1192 1175 1210 1237 ὁ
1234 1176 1368 1253 πικρὸς
1388 1175 1494 1238 λίθος

368 1277 480 1342 οὗτος
503 1279 593 1356 μετὰ
615 1280 682 1340 τοῦ
705 1277 822 1340 καλοῦ
843 1278 1019 1355 ςώματος.
1062 1277 1157 1354 Quod
1175 1281 1281 1340 orator
1302 1277 1384 1339 dicit
1407 1276 1494 1340 ‘tuna

368 1401 451 1444 cum
475 1397 636 1462 corpore
660 1379 743 1442 dona
765 1381 826 1444 ista
840 1381 979 1464 lapidem
998 1387 1187 1465 operturum
1203 1379 1293 1463 esso’,
1313 1380 1391 1445 Inde
1408 1381 1494 1445 colli-
1593 1447 1594 1450 ,

367 1483 453 1566 gitur
476 1499 592 1566 corpus
619 1482 762 1545 nondum
791 1490 893 1549 torrae
921 1484 1073 1547 traditum
1098 1484 1199 1548 fuisse
1218 1489 1295 1566 tum,
1316 1499 1393 1548 cum
1415 1483 1494 1547 haec

368 1591 557 1654 dicerentur.
587 1587 735 1652 Dubitari
758 1589 858 1671 igitur
880 1587 968 1650 nullo
992 1588 1086 1652 modo
1102 1591 1216 1672 potest,
1241 1591 1321 1670 quin
1337 1591 1438 1652 oratio
1451 1581 1493 1651 ad

364 1691 548 1775 sepulcrum
572 1689 676 1773 lapide
699 1691 842 1754 nondum
865 1695 987 1755 tectum
1011 1691 1080 1774 ipso
1103 1690 1157 1754 die
1179 1691 1303 1756 furens
1328 1691 1416 1755 dicta
1438 1693 1492 1771 sih

365 1813 427 1858 nec
457 1791 619 1877 probanda
651 1793 779 1857 videtur
809 1791 927 1856 Baueri
959 1793 1121 1856 sententia
1147 1794 1377 1858 contendentis
1408 1794 1439 1875 (I.
1465 1809 1492 1856 c.

364 1910 416 1980 pg.
434 1896 503 1978 35):
529 1895 581 1959 'So
600 1895 664 1959 viel
682 1896 742 1957 wir
764 1895 872 1976 sehon,
897 1895 939 1956 ist
960 1894 1037 1958 hein
1054 1895 1193 1978 Zeugnis
1212 1915 1269 1960 aus
1289 1897 1364 1960 dem
1380 1898 1410 1960 4.
1426 1891 1493 1960 und

367 2002 395 2064 5.
424 1997 645 2064 Jahrhundert
675 2000 731 2062 fiir
762 1998 834 2062 eine
866 1995 1081 2078 Verbindung
1115 1998 1172 2062 der
1203 1998 1291 2063 Rode
1326 2001 1387 2062 mit
1422 1999 1492 2063 dem

365 2099 685 2187 Leichenbegtingnis
709 2097 914 2168 vorhanden?
938 2097 1123 2164 Notandum
1146 2105 1197 2165 est
1218 2103 1317 2165 etiam
1340 2101 1392 2165 hm
1415 2107 1493 2166 tem·

364 2206 497 2290 poribus
520 2207 675 2270 usitatum
701 2203 803 2268 fuisse
831 2202 989 2267 orationes
1017 2202 1169 2267 funebres
1193 2203 1361 2288 adipsum
1385 2203 1493 2287 sepul-

367 2325 459 2374 crum
488 2308 608 2390 iacere,
641 2312 678 2371 ut
707 2313 832 2372 veteres
863 2306 978 2370 Graeci
1012 2312 1257 2390 consueverant,
1286 2310 1322 2370 in
1355 2324 1493 2390 quorum
1593 2349 1594 2354 κ

363 2515 513 2597 Gregorii
539 2511 680 2594 Nysseni
711 2513 910 2596 epitaphium
936 2513 970 2574 in
1003 2512 1208 2576 Pulcheriam
1239 2511 1278 2574 ad
1307 2511 1492 2594 sepulcrum

366 2615 485 2678 dictam
514 2631 583 2678 esso
613 2614 720 2677 elucet
750 2632 767 2678 e
797 2613 920 2677 verbIs:
950 2613 1101 2692 ’ὁρῶντες
1132 2613 1230 2677 αὐτόν
1252 2633 1286 2677 τε
1306 2615 1364 2677 τὸν
1392 2614 1492 2677 τόπου
1593 2633 1594 2694 ί

365 2719 490 2799 τοῦτον,
515 2717 548 2780 ἐν
573 2717 599 2800 ᾧ
624 2717 837 2792 ςυνειλέγμεθα
860 2717 910 2778 καὶ
932 2717 988 2792 τήν
1008 2713 1046 2778 Ᾰέν
1070 2721 1116 2798 τῷ
1138 2715 1229 2798 τόπῳ
1253 2716 1447 2795 κατήφειαν’.

676 2896 705 2957 2.
729 2895 965 2977 Argumentum
988 2894 1180 2977 orationisit.

455 3017 713 3084 Prooemium:
738 3018 933 3082 Auditorum
948 3023 1073 3102 partem
1089 3018 1220 3082 alteram
1236 3019 1359 3100 adesse,
1379 3025 1416 3082 ut
1430 3039 1494 3083 una
1593 2977 1594 3030 ί

366 3139 476 3188 secum
492 3126 656 3188 mortuum
669 3123 817 3206 lugentes
829 3122 985 3186 maeroris
1001 3126 1096 3204 atque
1112 3119 1219 3184 luctus
1234 3121 1407 3204 participes
1421 3123 1493 3204 sint
1593 3167 1594 3174 υ

366 3231 488 3308 partem
512 3225 651 3308 alteram,
675 3229 712 3287 ut
735 3223 886 3289 orationis
911 3223 1068 3304 elegantia
1091 3221 1303 3305 delectentur,
1334 3241 1420 3306 ¹quoe
1444 3227 1493 3290 eis
1593 3227 1594 3276 f

366 3330 562 3412 permulceat
577 3328 710 3409 auresit.
734 3325 800 3390 Sed
814 3325 883 3388 falli
895 3343 957 3407 ece,
971 3327 1027 3408 qui
1039 3323 1171 3390 eredunt
1182 3343 1218 3388 se
1231 3324 1494 3391 declamationem

364 3432 490 3515 quates,
516 3433 705 3516 priusquam
733 3429 791 3493 deo
819 3443 854 3492 se
879 3425 1031 3510 dedisset,
1059 3428 1279 3508 exercitasset,
1308 3428 1493 3494 habiturum

368 3538 475 3616 esset).
516 3535 621 3612 Quare
643 3532 812 3616 amplus,
837 3549 934 3614 quam
954 3532 1075 3613 deceat
1099 3549 1133 3595 se
1151 3531 1283 3594 tratrem
1304 3539 1493 3614 questurum

461 3712 480 3781 ¹)
499 3711 605 3779 Rohde‚
625 3712 732 3781 Psyche
752 3712 782 3765 1²
800 3729 844 3781 pg.
855 3711 908 3766 234
919 3728 996 3782 seqq.

455 3795 480 3865 ’λ
499 3796 529 3849 Α.
540 3793 647 3864 Bonos,
662 3795 690 3851 S.
701 3797 833 3865 Gregoire
846 3797 880 3850 dc
890 3794 1042 3864 Numanae,
1055 3796 1196 3851 Marseille
1207 3796 1285 3864 1876,
1303 3797 1407 3868 pg.231
1420 3815 1493 3868 seqq.

460 3880 480 3950 ³)
498 3880 535 3934 ‘ot
553 3882 585 3934 δὲ
604 3883 644 3934 ὼς
661 3883 715 3948 ptr
735 3882 824 3948 ἀκοὴν
844 3879 1015 3935 ἐςτιάςουτες
1033 3879 1078 3934 καί
1090 3881 1190 3947 ἡδίους
1203 3881 1357 3949 ἐςόμενοιᾎ
1377 3881 1411 3937 ci.
1426 3885 1494 3936 orat.

366 3965 398 4019 in
417 3965 501 4019 Basil.
521 3966 605 4033 cp.1:
623 3963 750 4020 Ἓκείνοις
770 3967 794 4020 θ’
809 3967 867 4033 ἅμα
888 3967 937 4032 μὲν
955 3966 1046 4033 ἡδονὴ
1064 3967 1178 4030 γένοιτο
1198 3967 1264 4020 ath?

458 4049 482 4120 ⁴)
502 4049 549 4118 Cp.
558 4050 588 4103 1:
609 4052 725 4116 ‘quvu
737 4053 791 4118 γὰρ
805 4052 879 4118 ἡμᾶς
892 4049 1022 4106 ἐπίδειξιν
1036 4052 1202 4118 ποιήςαςθαι
1214 4050 1259 4104 καί
1267 4051 1322 4118 τὴν
1334 4053 1494 4120 ςυμφαρςίυ,

370 4129 418 4187 ott
435 4148 506 4187 ποτε
527 4135 565 4200 ἣν
583 4138 619 4189 τὰ
641 4135 774 4204 ἡμέτερα,
795 4135 880 4202 ἡνίκα
897 4135 985 4189 τίίλλα
1008 4135 1080 4202 ἦμεν
1103 4135 1207 4189 ίκανῶς
1229 4136 1359 4202 περιττοὶ
1382 4137 1495 4202 καὶτῆς
1593 4125 1594 4132 ¹

369 4219 438 4285 ὕλης
457 4217 502 4272 καί
520 4221 556 4272 τὰ
573 4219 640 4285 περί
658 4221 762 4283 λόγους
782 4221 981 4286 φιλότιμοι...
1005 4219 1142 4286 μηδαμίίλ(
1163 4221 1199 4286 μὴ
1219 4223 1307 4273 τοῦτο
1327 4220 1393 4288 περί
1412 4223 1494 4287 ἡμῶν

369 4303 555 4370 ὑπολαβητε’;
576 4305 609 4359 ci.
623 4304 768 4358 Themistii
787 4303 907 4374 epitaph.
927 4304 956 4357 In
975 4309 1083 4372 patrem
1102 4305 1255 4374 pg.233C:
1279 4306 1304 4357 ‘d
1325 4307 1411 4370 λόγος
1430 4307 1495 4372 ἡμῖν
1593 4303 1594 4322 ’

372 4387 405 4439 οὐ
426 4387 587 4454 φιλοτιμίας
606 4389 650 4442 καὶ
670 4389 837 4459 ἐπιδείξεως,
861 4389 930 4442 ἀλλὰ
948 4392 1000 4454 τῆς
1023 4389 1099 4443 ὁςίας
1118 4391 1199 4457 κτλ.’;
1223 4389 1339 4444 Himerii
1353 4404 1399 4446 ‘cr.
1413 4390 1494 4445 XXIII
