3240 5252
127 445 214 534 [217]
567 453 665 507 Studia
684 453 819 509 Tulliana.
1221 452 1259 515 57

127 627 177 690 vel
192 625 333 702 Quintil.
351 625 393 706 X,
406 627 436 707 2,
451 627 491 688 19
508 623 684 706 (Bonnell):
709 620 823 691 Nerui
838 634 926 692 teum
941 631 1097 715 inperium
1114 631 1180 710 erit,
1199 631 1263 696 soto

126 730 194 793 notit
217 729 323 812 fortia
347 735 376 793 et
390 729 538 813 obrupta3
562 730 615 791 oui
629 727 710 809 forte
728 730 858 813 quidem,
881 731 934 796 ned
951 731 1143 813 indomitum,
1160 753 1264 798 amore

126 831 308 896 uehtititatio
327 839 356 895 et
374 833 435 895 uim
451 851 540 894 suam
549 830 663 914 perdat
678 837 706 895 et
716 831 898 916 eleyonte'am
911 855 1002 919 quam
1013 836 1097 918 eupit
1112 855 1173 898 non
1185 855 1263 900 asse—

127 941 259 1019 quatur;
286 933 341 997 vel
362 933 506 996 eiusdem
524 933 544 995 l.
563 932 621 1013 III,
641 935 670 1015 8,
688 935 746 996 70:
771 931 819 999 Ne
841 936 934 1000 ather
953 939 1150 1002 „exercent
1172 939 1264 1002 uelint

126 1041 211 1101 etin
236 1037 450 1101 desuescendis
471 1042 638 1100 morentur.
671 1035 853 1120 Neopeius
877 1037 1098 1121 legunturee,
1122 1042 1263 1120 quaein

127 1140 230 1222 ipsius
256 1137 402 1202 Oratorie
426 1139 505 1220 §14
529 1137 683 1202 exhibent
706 1137 849 1203 codices:
876 1140 958 1205 Nom
982 1163 1036 1206 nee
1057 1141 1152 1207 latius
1175 1150 1265 1228 atque

123 1245 279 1327 aepioee‘ne
295 1243 336 1306 de
355 1245 476 1328 muyno'e
494 1243 647 1326 natusque
665 1241 754 1306 reone
777 1245 841 1307 ehoe
856 1243 1052 1329 philneophia
1065 1251 1163 1329 potest
1183 1250 1265 1331 qute-

126 1365 221 1430 quam
246 1345 364 1423 dieere3
456 1365 509 1408 neo
531 1364 601 1408 oero
623 1347 687 1408 eine
705 1344 959 1430 philosophorum
982 1347 1147 1432 dieeiph'na
1169 1370 1266 1434 penus

126 1454 154 1512 et
176 1451 307 1532 speeiem
332 1448 477 1532 euiueque
499 1449 547 1510 ree'
568 1466 691 1510 eernere
706 1497 712 1510 .
729 1497 734 1509 .
749 1497 755 1510 .
767 1469 931 1532 possumus
954 1468 979 1513 e.
994 1470 1021 1532 q.
1035 1469 1058 1512 e.

219 1549 332 1626 Quid?
350 1549 568 1631 consequendi
581 1549 670 1613 verbi
683 1551 751 1614 sive
763 1551 988 1633 imperfectum
1004 1554 1071 1616 sive
1084 1553 1263 1636 perfeetum

125 1671 207 1716 num
234 1653 368 1716 meliore
395 1655 466 1716 iure
494 1654 698 1716 immiserunt
726 1653 888 1717 editores?
918 1655 970 1716 An
998 1655 1106 1718 verius
1135 1657 1265 1720 omnino

127 1757 285 1820 viderunt
303 1755 337 1818 O.
353 1753 386 1818 F.
397 1752 447 1818 W.
463 1753 637 1836 Mueller¹)‚
655 1755 891 1838 Stroebelius²t‚
909 1756 1110 1840 Stangliusu,
1126 1757 1266 1822 Frideri-

126 1861 228 1940 ουν),
254 1859 312 1940 qui
337 1856 437 1920 udum
461 1857 596 1920 verbum
620 1858 719 1921 inseri
743 1863 859 1940 vetunt,
884 1859 981 1924 hosce
999 1862 1105 1943 potins
1124 1861 1266 1924 conferri

68 2031 71 2038 ⁴
127 1963 245 2025 iubent
268 1958 406 2041 looos⁵):
432 1959 575 2024 Onetoris
599 1963 716 2040 §1512
745 1965 781 2026 e'n
804 1983 862 2047 quo
885 1964 1012 2048 quietam
1038 1963 1264 2048 Theopompum

125 2070 222 2132 etiam
238 2063 478 2150 reprehendunt,
498 2066 579 2150 quod
594 2085 647 2129 eus
665 2065 784 2130 temnas
802 2073 957 2150 tantopore
975 2066 1266 2152 superruentium

125 2173 279 2257 mopteter
302 2172 368 2233 etue
391 2168 586 2248 Isocrates⁶);
612 2168 704 2231 Bruti
729 2169 747 2250 ξ
769 2169 826 2231 66ε
853 2168 937 2233 Nam
960 2177 995 2233 ut
1013 2169 1123 2234 horum
1142 2173 1267 2235 concisis

128 2260 300 2353 sententiis,
326 2273 484 2336 interdum
507 2274 598 2335 etiam
623 2292 684 2334 non
707 2274 782 2335 satie
805 2274 920 2356 apute‘s
943 2293 1010 2336 eum
1035 2271 1178 2336 brevitate
1201 2279 1266 2337 tum

128 2379 227 2442 nimio
261 2377 416 2455 acumine,
450 2373 549 2456 offe'oe't
582 2373 791 2459 Theopompus
822 2375 950 2439 elatione
981 2383 1071 2460 atque
1102 2375 1267 2440 altitudine

125 2480 282 2544 orationis
300 2497 382 2557 suae,
402 2475 482 2562 queat
499 2477 581 2540 utem
597 2475 711 2561 Lysiae
727 2477 948 2560 Demosthenes,
973 2481 1014 2543 n‘o
1035 2475 1160 2543 Catonis
1175 2478 1267 2542 lumi·

126 2584 219 2647 nihue
240 2579 396 2645 odetunutt
419 2579 492 2643 haec
504 2582 710 2664 postutorum
730 2583 819 2665 quari
836 2588 1020 2666 eeapperata
1039 2582 1133 2646 attius
1151 2584 1264 2660 orati03

127 2685 279 2750 eiusdem
295 2681 397 2745 libelli
409 2683 426 2763 ξ
438 2683 520 2744 295;
538 2681 674 2746 Pontum
690 2683 739 2749 hio
750 2683 806 2747 etot
820 2686 977 2766 assentior,
994 2685 1082 2749 modo
1094 2688 1139 2748 e'ta
1150 2685 1266 2766 innodes,

128 2858 296 2912 scholarum
311 2853 342 2906 in
352 2869 434 2906 usum
448 2851 608 2920 conscripta
619 2851 690 2921 (pag.
702 2852 759 2919 25):
775 2853 837 2908 ‘Die
847 2854 1038 2923 Abweichung
1051 2871 1107 2908 von
1121 2855 1171 2907 der
1180 2855 1266 2923 Regel

127 2942 241 2997 seheint
262 2939 392 2993 dadurch
410 2937 565 3005 begriindet
584 2954 619 2991 zu
639 2937 709 3006 sein,
729 2938 783 2992 dab
803 2938 891 2992 durch
910 2945 1023 2990 ant-aut
1043 2938 1088 2992 die
1108 2937 1266 2991 besondere

127 3021 299 3093 Bedeutung
319 3024 368 3077 der
381 3021 524 3077 Partiloeln
537 3029 606 3089 etet,
626 3023 837 3091 verschiedene‚
858 3023 925 3078 aber
938 3023 1067 3093 zugleich
1084 3021 1267 3078 vorhandene

128 3106 217 3182 Dinge
239 3127 275 3165 zu
295 3107 458 3175 verbinden,
478 3108 608 3161 verloren
627 3121 771 3176 gegangen
789 3108 851 3162 sein
870 3104 973 3162 wdrde.
999 3107 1098 3162 Cicero
1117 3105 1173 3160 will
1194 3105 1266 3161 eben

128 3199 191 3253 hier
210 3197 362 3262 verhiiten‚
382 3195 436 3248 dail
456 3193 500 3248 die
519 3193 622 3248 beiden
641 3193 857 3262 Miiglichkeiten
876 3193 1003 3262 ungleieh
1023 3192 1178 3248 eintreten’.

226 3282 247 3350 ¹)
269 3279 377 3334 Comm.
397 3279 433 3334 ud
453 3278 510 3332 Cic.
531 3279 569 3332 De
589 3279 634 3332 off.
648 3279 666 3332 l.
686 3279 729 3345 III,
745 3278 804 3332 109.

224 3368 245 3437 ⁹)
265 3367 297 3420 N.
318 3367 364 3437 ph..
385 3365 487 3419 Rdseh.
508 3365 533 3430 6,
547 3365 572 3418 8.
745 3423 749 3436 ι

223 3453 245 3518 ³)
266 3449 424 3519 Stanglium
437 3464 556 3520 quoque,
576 3449 623 3516 qui
642 3449 671 3502 in
691 3449 814 3503 editione
833 3449 1013 3503 interiecerat
1027 3447 1268 3516 consequebantur,

129 3538 263 3608 proxima
278 3537 373 3590 aetate
390 3535 426 3588 ab
445 3533 494 3588 illa
512 3550 574 3587 esse
588 3538 667 3602 parte
687 3533 726 3587 ait
740 3534 912 3588 Stroebelius
931 3533 961 3586 in
974 3533 1053 3588 Burs.
1068 3549 1133 3588 ann.
1151 3529 1194 3597 84,
1205 3531 1267 3586 353.

225 3621 247 3691 ⁴)
267 3621 317 3674 Ed.
339 3619 402 3673 adn.
424 3619 483 3672 crit.
503 3635 564 3687 pag.
578 3619 632 3672 LX.

223 3712 245 3780 ὀ)
264 3711 326 3764 Huc
339 3708 460 3776 pertinet
473 3707 559 3762 etiarn
572 3707 618 3761 Or.
636 3707 651 3777 ᾖ
664 3708 712 3761 32:
726 3707 821 3759 Huius
833 3706 883 3776 (en.
894 3703 1076 3772 Thucydidis)
1088 3710 1178 3755 tamen
1192 3719 1268 3758 nemo

131 3815 219 3867 neque
231 3797 378 3849 uerborum
390 3810 474 3862 neque
486 3798 685 3848 sententiarum
697 3797 861 3863 pronitatem
874 3793 1010 3856 imitatur,
1024 3791 1080 3856 eod,
1093 3807 1154 3844 eum
1166 3793 1266 3854 mutila

130 3883 269 3951 quaedam
290 3885 315 3930 et
327 3878 437 3930 hiantia
451 3879 534 3931 locuti
545 3886 617 3947 eunt,
632 3897 701 3948 qnae
713 3881 754 3932 net
766 3883 826 3931 eine
838 3879 971 3945 mapietro
984 3876 1094 3946 [fucere]
1104 3881 1266 3943 potuerunt,

130 3980 323 4035 permanasse
337 3969 439 4030 putant
452 3980 507 4015 erse
523 3963 707 4032 Thucydideo.
729 3966 817 4018 Recte
837 3962 910 4016 enim
928 3960 1065 4014 iudicavit
1078 3961 1268 4016 Baehrensius

131 4052 162 4106 in
175 4053 246 4106 Rev.
261 4050 297 4104 de
317 4049 382 4117 phil.
396 4047 428 4115 X,
442 4047 476 4101 76
496 4051 544 4102 eut
563 4052 678 4103 auctore
694 4047 886 4116 Heerdegenio
905 4061 975 4114 quae
994 4045 1023 4098 in
1043 4045 1114 4112 quod
1133 4060 1196 4097 esse
1216 4045 1268 4099 irn-

132 4136 303 4190 mutandum
324 4137 372 4187 eut
395 4133 488 4201 potius
507 4127 666 4187 eiciendum
685 4149 747 4187 esse
768 4133 893 4201 ineptum
912 4123 1052 4183 emblema
1071 4131 1170 4196 faeere,
1191 4131 1269 4196 quod

132 4222 168 4275 bb
188 4238 222 4275 eo
242 4224 321 4274 esset
340 4218 493 4283 adiectum,
513 4217 560 4287 qui
579 4217 641 4272 sine
659 4217 771 4286 negotio
792 4215 939 4285 cogitando
959 4213 1070 4270 adsumi
1095 4214 1170 4280 toqui
1189 4214 1268 4270 haud

133 4307 342 4377 perspexisset;
363 4303 396 4357 cf.
416 4308 513 4357 notam
532 4319 604 4372 quae
623 4305 748 4373 proxime
768 4301 902 4370 sequitur.

225 4393 246 4462 ⁶)
266 4389 349 4459 Quod
368 4388 442 4442 enim
462 4389 594 4444 exhibent
614 4389 689 4446 AO’:
709 4390 819 4456 fecerat,
839 4386 965 4455 spurium
986 4392 1036 4442 est.
