3228 5268
344 492 366 554 4
782 497 892 551 Xaver
910 495 1030 561 flurin,

345 671 406 734 hoc
429 688 531 753 genus
554 670 588 731 in
613 688 746 733 censum
768 669 864 732 venit.
893 667 955 732 Sed
979 687 1052 731 cum
1075 669 1139 730 iam
1162 665 1344 748 Bauerus1)
1368 685 1474 749 nuper

343 772 416 836 fuse
441 777 536 855 atque
560 773 688 856 copiose
712 770 907 852 disseruerit,
932 789 1013 852 quae
1036 770 1116 832 ratio
1140 769 1226 832 inter
1249 769 1379 850 siugula
1402 787 1472 832 ora-

344 875 468 937 tionum
498 875 683 938 funebrium
712 891 831 955 genera
860 870 1119 954 intercederet2),
1151 869 1348 953 supersedeo
1379 871 1471 954 plura

343 978 442 1040 verba
465 978 504 1042 de
526 977 654 1040 illarum
677 977 858 1039 orationum
885 975 1041 1038 affinitate
1065 974 1118 1037 vel
1141 973 1329 1037 diversitate
1353 974 1471 1055 iacere,

344 1085 439 1162 atque
451 1079 491 1143 ad
503 1080 534 1142 id
549 1081 654 1143 statim
667 1098 718 1142 me
732 1081 923 1158 convertam,
934 1076 1022 1158 quod
1034 1075 1072 1139 ad
1087 1075 1311 1160 explicandam
1324 1075 1468 1159 Gregorii

344 1183 524 1246 orationum
548 1181 810 1265 compositionem
827 1182 967 1244 maxime
990 1181 1208 1244 necessarium
1232 1179 1372 1261 videtur,
1401 1179 1472 1243 Me·

343 1285 467 1368 nandri,
485 1286 540 1369 qui
556 1285 823 1369 perfectissimam
838 1285 878 1348 de
895 1302 1013 1366 genere
1030 1283 1201 1366 epidictico
1214 1288 1315 1347 artem
1334 1283 1471 1367 scripsIt

344 1387 474 1451 schema
497 1389 597 1463 λόγου
621 1388 794 1467 ἐπιταφίου.
840 1386 899 1449 lost
921 1390 1027 1449 autem
1051 1385 1130 1449 hoc:

344 1499 368 1564 L
397 1500 504 1566 Laus

399 1606 427 1667 I.
452 1605 545 1679 γένος
568 1607 695 1688 (πατρίς,
719 1605 819 1686 ἔθνος,
843 1603 949 1684 γένος)

379 1693 427 1771 Ι2.
451 1710 567 1784 γένεςις

398 1815 426 1875 3.
452 1813 542 1891 φύςις

451 1919 479 1998 a)
504 1920 647 1994 ςώματος

450 2019 482 2100 b)
504 2023 617 2101 ψυχῆς,
642 2019 735 2082 cuius
760 2016 894 2096 εόφυῑαν
918 2015 1138 2080 demonstrant

505 2125 536 2206 α)
558 2122 727 2201 ἀνατροφή

506 2226 534 2305 β)
557 2226 680 2288 παιδεία

503 2330 533 2412 γ)
559 2323 787 2405 ἐπιτηδεύματα
824 2324 973 2407 (δίκαιος,
1004 2323 1249 2408 φιλάνθρωπος,
1280 2323 1469 2406 ὁμιλητικὸς,

384 2505 391 2522 ,
557 2430 684 2512 ἥμεροί)

396 2535 426 2596 4.
450 2535 582 2614 πράξειε,
608 2551 689 2615 quae
714 2531 929 2614 disponuntur
951 2531 1131 2594 secundum

450 2639 479 2718 a)
504 2637 655 2717 ἀνδρείαν

449 2741 481 2821 λι)
505 2740 714 2819 ςωφροςύνην

451 2846 479 2925 c)
505 2845 701 2922 όικαιοςύνην

452 2948 483 3025 ό)
506 2947 661 3026 φρόνηςιν

399 3052 426 3113 5.
449 3049 528 3127 τύχη
552 3050 713 3130 (πλοῦτος,
737 3050 861 3111 παίδων
886 3045 1013 3125 εὐωχία
1037 3051 1087 3111 καὶ
1109 3049 1234 3130 γὲνεςις,
1259 3051 1355 3132 φίλοι,
1379 3047 1470 3129 τιμαί)

399 3154 426 3216 6.
451 3151 599 3230 ςύγκριςις
622 3152 704 3228 πρὸς
728 3150 806 3230 ὅλην
829 3153 886 3229 τήν
911 3149 1058 3214 ὑπόθεςιν

398 3257 426 3318 l.
451 3259 571 3332 θρῆνος

342 3372 383 3436 II.
408 3369 628 3434 Consolatio
653 3371 690 3432 et
713 3369 928 3434 adhortatio
953 3369 999 3452 (τὸ
1016 3372 1273 3449 παραμυθητικὸν
1289 3372 1371 3450 πρὸς
1386 3370 1469 3433 ἅπαν

339 3484 343 3490 ’
432 3473 525 3549 γένος
548 3474 598 3534 καὶ
621 3475 789 3555 ςυμβουλή)
810 3475 828 3556 ).

432 3575 546 3657 Neque
558 3593 633 3637 vero
650 3574 684 3635 in
699 3575 866 3640 Menandri
880 3576 1051 3659 partitione
1068 3577 1274 3657 acquiescere
1290 3592 1469 3658 possumne,

344 3679 410 3761 sed,
446 3681 484 3741 ut
505 3677 620 3741 melius
645 3683 837 3742 structuram
861 3679 1071 3760 singulosque
1094 3678 1214 3742 τόπους
1237 3678 1470 3760 intellegamus

435 3821 455 3890 ¹)
475 3823 497 3875 J.
518 3823 633 3888 Bauer,
659 3820 709 3874 Die
729 3821 897 3874 Trostreden
920 3821 970 3874 des
994 3819 1141 3888 Gregorios
1165 3836 1190 3872 ν.
1209 3819 1302 3888 Nyssa
1326 3819 1357 3872 in
1383 3819 1471 3873 ihrem

344 3909 503 3965 Verhtlltnis
522 3925 572 3962 zur
591 3909 706 3963 antiken
724 3907 867 3975 Rhetorik‚
888 3904 1148 3974 dlas.Marp.1892‚
1167 3920 1210 3972 pg.
1221 3903 1255 3957 21
1270 3921 1347 3974 seqq.

436 3993 456 4062 ¹)
474 3994 566 4047 Bauer
589 3994 606 4046 l.
625 4008 647 4047 c.
663 3991 822 4060 'pff-29.
854 3991 895 4046 Cf.
916 3991 1002 4045 etiarn
1020 3991 1066 4044 Fr.
1086 3989 1239 4054 Vollmer,
1265 3989 1471 4042 Laudationum

343 4077 503 4132 funebrium
521 4076 714 4130 Romanorum
735 4075 861 4143 historia,
885 4076 915 4129 in
934 4075 1033 4129 Annal.
1047 4073 1182 4128 Fleckeis
1200 4090 1264 4126 nov.
1283 4073 1373 4128 series
1390 4071 1471 4127 XVIII

345 4161 436 4231 (1892)
453 4161 569 4230 pallo,
589 4161 636 4228 qui
655 4177 752 4214 omnes
772 4161 857 4214 libros
876 4161 951 4214 hanc
969 4160 1117 4213 materiam
1135 4162 1292 4212 tractantes
1312 4159 1400 4212 affert.

436 4245 456 4314 ³)
474 4245 533 4298 Hoc
556 4243 640 4297 modo
659 4243 806 4297 Menandri
829 4248 967 4298 tractatus
990 4243 1181 4311 disponendus
1201 4246 1251 4296 est.
1281 4242 1351 4298 Cum
1369 4243 1401 4296 in
1418 4243 1472 4296 hoc

345 4332 467 4384 tractatu
486 4345 544 4382 non
563 4343 661 4381 omnes
680 4328 765 4380 τόποι
788 4329 864 4382 clare
883 4326 1098 4396 perspiciantur,
1118 4327 1295 4383 adhibendus
1318 4331 1361 4381 est
1387 4327 1470 4382 etiarn

344 4415 421 4484 prior
439 4416 586 4480 tractatus
606 4413 653 4481 qui
672 4413 833 4467 inscribitur
854 4415 988 4479 βαςιλικός
1007 4413 1092 4476 λόγος
1112 4411 1241 4482 (Spengel
1261 4413 1385 4482 111331).
