<?xml version="1.0" encoding="UTF-8"?>
<!DOCTYPE html PUBLIC "-//W3C//DTD XHTML 1.0 Transitional//EN"
    "http://www.w3.org/TR/xhtml1/DTD/xhtml1-transitional.dtd">
<html xmlns="http://www.w3.org/1999/xhtml" xml:lang="en" lang="en">
 <head>
  <title>
</title>
<meta http-equiv="Content-Type" content="text/html;charset=utf-8" />
  <meta name='ocr-system' content='tesseract 3.04.00' />
  <meta name='ocr-capabilities' content='ocr_page ocr_carea ocr_par ocr_line ocrx_word'/>
</head>
<body>
  <div class='ocr_page' id='page_1' title='image "./dissertationesp01unkngoog_0268.png"; bbox 0 0 3240 5252; ppageno 0'>
   <div class='ocr_carea' id='block_1_1' title="bbox 134 476 1271 562">
    <p class='ocr_par' dir='ltr' id='par_1_1' title="bbox 134 476 1271 562">
     <span class='ocr_line' id='line_1_1' title="bbox 134 476 1271 562; baseline -0.003 -22"><span class='ocrx_word' id='word_1_1' title='bbox 134 476 229 562; x_wconf 81' lang='grc'>[243]</span> <span class='ocrx_word' id='word_1_2' title='bbox 609 484 707 538; x_wconf 90' lang='lat' dir='ltr'>Studia</span> <span class='ocrx_word' id='word_1_3' title='bbox 726 483 860 539; x_wconf 89' lang='lat' dir='ltr'>Tulliana.</span> <span class='ocrx_word' id='word_1_4' title='bbox 1229 482 1271 544; x_wconf 89' lang='lat'>83</span> 
     </span>
    </p>
   </div>
   <div class='ocr_carea' id='block_1_2' title="bbox 134 656 1274 2494">
    <p class='ocr_par' dir='ltr' id='par_1_2' title="bbox 134 656 1274 2494">
     <span class='ocr_line' id='line_1_2' title="bbox 135 656 1274 746; baseline 0.004 -27"><span class='ocrx_word' id='word_1_5' title='bbox 135 661 172 719; x_wconf 91' lang='lat' dir='ltr'>ut</span> <span class='ocrx_word' id='word_1_6' title='bbox 184 662 258 739; x_wconf 91' lang='lat' dir='ltr'>post</span> <span class='ocrx_word' id='word_1_7' title='bbox 270 675 384 720; x_wconf 86' lang='lat' dir='ltr'>rocem</span> <span class='ocrx_word' id='word_1_8' title='bbox 396 657 547 721; x_wconf 79' lang='lat' dir='ltr'>orationis</span> <span class='ocrx_word' id='word_1_9' title='bbox 559 659 619 718; x_wconf 91' lang='lat' dir='ltr'>stet</span> <span class='ocrx_word' id='word_1_10' title='bbox 631 660 725 737; x_wconf 87' lang='lat' dir='ltr'>atque</span> <span class='ocrx_word' id='word_1_11' title='bbox 739 656 917 720; x_wconf 82' lang='lat' dir='ltr'>intercedat</span> <span class='ocrx_word' id='word_1_12' title='bbox 928 659 1014 746; x_wconf 86' lang='lat' dir='ltr'>inter</span> <span class='ocrx_word' id='word_1_13' title='bbox 1025 657 1102 721; x_wconf 91' lang='lat' dir='ltr'>bina</span> <span class='ocrx_word' id='word_1_14' title='bbox 1115 658 1274 724; x_wconf 87' lang='lat' dir='ltr'>adieetiva</span> 
     </span>
     <span class='ocr_line' id='line_1_3' title="bbox 134 759 1272 846; baseline 0.004 -22"><span class='ocrx_word' id='word_1_15' title='bbox 134 761 254 843; x_wconf 80' lang='lat' dir='ltr'>copula</span> <span class='ocrx_word' id='word_1_16' title='bbox 272 769 301 825; x_wconf 88' lang='lat' dir='ltr'>ot</span> <span class='ocrx_word' id='word_1_17' title='bbox 320 780 432 824; x_wconf 85' lang='lat' dir='ltr'>secum</span> <span class='ocrx_word' id='word_1_18' title='bbox 451 761 631 840; x_wconf 87' lang='lat' dir='ltr'>coniuncta,</span> <span class='ocrx_word' id='word_1_19' title='bbox 651 759 711 822; x_wconf 89' lang='lat' dir='ltr'>hoo</span> <span class='ocrx_word' id='word_1_20' title='bbox 726 760 836 822; x_wconf 92' lang='lat' dir='ltr'>modo:</span> <span class='ocrx_word' id='word_1_21' title='bbox 857 768 900 825; x_wconf 85' lang='lat' dir='ltr'>est</span> <span class='ocrx_word' id='word_1_22' title='bbox 915 764 996 826; x_wconf 84' lang='lat' dir='ltr'>emim</span> <span class='ocrx_word' id='word_1_23' title='bbox 1011 763 1165 846; x_wconf 79' lang='lat' dir='ltr'><em>quoddam</em></span> <span class='ocrx_word' id='word_1_24' title='bbox 1180 767 1272 828; x_wconf 71' lang='lat' dir='ltr'>etrum</span> 
     </span>
     <span class='ocr_line' id='line_1_4' title="bbox 134 865 1273 951; baseline 0 -21"><span class='ocrx_word' id='word_1_25' title='bbox 134 869 260 951; x_wconf 74' lang='lat' dir='ltr'>imsiqme</span> <span class='ocrx_word' id='word_1_26' title='bbox 278 873 307 930; x_wconf 87' lang='lat' dir='ltr'>et</span> <span class='ocrx_word' id='word_1_27' title='bbox 328 866 444 949; x_wconf 81' lang='lat' dir='ltr'>floreae</span> <span class='ocrx_word' id='word_1_28' title='bbox 467 866 615 928; x_wconf 84' lang='lat' dir='ltr'>orationis</span> <span class='ocrx_word' id='word_1_29' title='bbox 635 885 732 950; x_wconf 78' lang='lat' dir='ltr'>perimo</span> <span class='ocrx_word' id='word_1_30' title='bbox 749 867 869 948; x_wconf 82' lang='lat' dir='ltr'>pictum</span> <span class='ocrx_word' id='word_1_31' title='bbox 892 866 1142 949; x_wconf 70' lang='lat' dir='ltr'>areapolitem).</span> <span class='ocrx_word' id='word_1_32' title='bbox 1166 865 1273 931; x_wconf 83' lang='lat' dir='ltr'>Facile</span> 
     </span>
     <span class='ocr_line' id='line_1_5' title="bbox 134 966 1273 1054; baseline 0.001 -23"><span class='ocrx_word' id='word_1_33' title='bbox 134 970 223 1031; x_wconf 91' lang='lat' dir='ltr'>enim</span> <span class='ocrx_word' id='word_1_34' title='bbox 257 969 393 1050; x_wconf 83' lang='lat' dir='ltr'>cogitari</span> <span class='ocrx_word' id='word_1_35' title='bbox 425 972 531 1050; x_wconf 88' lang='lat' dir='ltr'>potest</span> <span class='ocrx_word' id='word_1_36' title='bbox 558 966 636 1028; x_wconf 86' lang='lat' dir='ltr'>illud</span> <span class='ocrx_word' id='word_1_37' title='bbox 667 985 784 1030; x_wconf 92' lang='lat' dir='ltr'>nomen</span> <span class='ocrx_word' id='word_1_38' title='bbox 813 966 898 1049; x_wconf 93' lang='lat' dir='ltr'>quod</span> <span class='ocrx_word' id='word_1_39' title='bbox 928 970 976 1031; x_wconf 91' lang='lat' dir='ltr'>est</span> <span class='ocrx_word' id='word_1_40' title='bbox 1000 989 1098 1054; x_wconf 74' lang='lat' dir='ltr'>qemun</span> <span class='ocrx_word' id='word_1_41' title='bbox 1125 990 1143 1032; x_wconf 91' lang='lat' dir='ltr'>a</span> <span class='ocrx_word' id='word_1_42' title='bbox 1170 971 1273 1050; x_wconf 89' lang='lat' dir='ltr'>primo</span> 
     </span>
     <span class='ocr_line' id='line_1_6' title="bbox 136 1070 1274 1154; baseline 0.004 -22"><span class='ocrx_word' id='word_1_43' title='bbox 136 1071 269 1135; x_wconf 88' lang='lat' dir='ltr'>librario</span> <span class='ocrx_word' id='word_1_44' title='bbox 303 1070 506 1153; x_wconf 87' lang='lat' dir='ltr'>neglectum,</span> <span class='ocrx_word' id='word_1_45' title='bbox 536 1091 553 1132; x_wconf 93' lang='lat' dir='ltr'>a</span> <span class='ocrx_word' id='word_1_46' title='bbox 578 1077 756 1133; x_wconf 88' lang='lat' dir='ltr'>correctore</span> <span class='ocrx_word' id='word_1_47' title='bbox 786 1071 820 1132; x_wconf 92' lang='lat' dir='ltr'>in</span> <span class='ocrx_word' id='word_1_48' title='bbox 850 1072 994 1153; x_wconf 80' lang='lat' dir='ltr'><strong>margine</strong></span> <span class='ocrx_word' id='word_1_49' title='bbox 1022 1071 1227 1154; x_wconf 86' lang='lat' dir='ltr'>adscriptum,</span> <span class='ocrx_word' id='word_1_50' title='bbox 1256 1095 1274 1136; x_wconf 90' lang='lat' dir='ltr'>a</span> 
     </span>
     <span class='ocr_line' id='line_1_7' title="bbox 135 1172 1226 1258; baseline 0.001 -20"><span class='ocrx_word' id='word_1_51' title='bbox 135 1176 328 1258; x_wconf 86' lang='lat' dir='ltr'>posterioris</span> <span class='ocrx_word' id='word_1_52' title='bbox 348 1175 462 1237; x_wconf 87' lang='lat' dir='ltr'>aetatis</span> <span class='ocrx_word' id='word_1_53' title='bbox 485 1172 614 1236; x_wconf 87' lang='lat' dir='ltr'>librario</span> <span class='ocrx_word' id='word_1_54' title='bbox 637 1173 753 1236; x_wconf 85' lang='lat' dir='ltr'>falsum</span> <span class='ocrx_word' id='word_1_55' title='bbox 776 1175 810 1235; x_wconf 90' lang='lat' dir='ltr'>in</span> <span class='ocrx_word' id='word_1_56' title='bbox 834 1174 940 1237; x_wconf 90' lang='lat' dir='ltr'>locum</span> <span class='ocrx_word' id='word_1_57' title='bbox 964 1175 1124 1238; x_wconf 82' lang='lat' dir='ltr'>intrusum</span> <span class='ocrx_word' id='word_1_58' title='bbox 1147 1195 1226 1240; x_wconf 88' lang='lat' dir='ltr'>esse.</span> 
     </span>
     <span class='ocr_line' id='line_1_8' title="bbox 226 1276 1274 1362; baseline 0.001 -20"><span class='ocrx_word' id='word_1_59' title='bbox 226 1279 349 1358; x_wconf 79' lang='lat' dir='ltr'>Restat,</span> <span class='ocrx_word' id='word_1_60' title='bbox 374 1283 410 1339; x_wconf 89' lang='lat' dir='ltr'>ut</span> <span class='ocrx_word' id='word_1_61' title='bbox 434 1277 473 1340; x_wconf 91' lang='lat' dir='ltr'>de</span> <span class='ocrx_word' id='word_1_62' title='bbox 499 1277 553 1357; x_wconf 78' lang='lat' dir='ltr'>eiS,</span> <span class='ocrx_word' id='word_1_63' title='bbox 579 1295 661 1358; x_wconf 89' lang='lat' dir='ltr'>quae</span> <span class='ocrx_word' id='word_1_64' title='bbox 685 1276 877 1358; x_wconf 64' lang='lat' dir='ltr'>sanguina)</span> <span class='ocrx_word' id='word_1_65' title='bbox 901 1277 941 1339; x_wconf 89' lang='lat' dir='ltr'>ad</span> <span class='ocrx_word' id='word_1_66' title='bbox 964 1278 1061 1351; x_wconf 87' lang='lat' dir='ltr'>huius</span> <span class='ocrx_word' id='word_1_67' title='bbox 1084 1280 1274 1362; x_wconf 81' lang='lat' dir='ltr'><strong>paragraphi</strong></span> 
     </span>
     <span class='ocr_line' id='line_1_9' title="bbox 134 1379 1274 1462; baseline 0.001 -19"><span class='ocrx_word' id='word_1_68' title='bbox 134 1382 236 1452; x_wconf 84' lang='lat' dir='ltr'>finem</span> <span class='ocrx_word' id='word_1_69' title='bbox 255 1381 443 1462; x_wconf 82' lang='lat' dir='ltr'>disputavit,</span> <span class='ocrx_word' id='word_1_70' title='bbox 460 1398 563 1462; x_wconf 90' lang='lat' dir='ltr'>pauca</span> <span class='ocrx_word' id='word_1_71' title='bbox 581 1379 747 1462; x_wconf 85' lang='lat' dir='ltr'>proferam.</span> <span class='ocrx_word' id='word_1_72' title='bbox 774 1379 854 1442; x_wconf 80' lang='lat' dir='ltr'>Cum</span> <span class='ocrx_word' id='word_1_73' title='bbox 874 1381 960 1443; x_wconf 90' lang='lat' dir='ltr'>enim</span> <span class='ocrx_word' id='word_1_74' title='bbox 980 1379 1122 1444; x_wconf 89' lang='lat' dir='ltr'>Oratoris</span> <span class='ocrx_word' id='word_1_75' title='bbox 1137 1381 1274 1444; x_wconf 84' lang='lat' dir='ltr'>Tulliani</span> 
     </span>
     <span class='ocr_line' id='line_1_10' title="bbox 134 1482 1274 1571; baseline 0.004 -26"><span class='ocrx_word' id='word_1_76' title='bbox 134 1483 209 1546; x_wconf 86' lang='lat' dir='ltr'><strong>libri</strong></span> <span class='ocrx_word' id='word_1_77' title='bbox 224 1503 325 1546; x_wconf 88' lang='lat' dir='ltr'>mann</span> <span class='ocrx_word' id='word_1_78' title='bbox 346 1482 457 1564; x_wconf 84' lang='lat' dir='ltr'>scripti</span> <span class='ocrx_word' id='word_1_79' title='bbox 476 1482 574 1544; x_wconf 87' lang='lat' dir='ltr'>unice</span> <span class='ocrx_word' id='word_1_80' title='bbox 594 1488 689 1562; x_wconf 85' lang='lat' dir='ltr'>atque</span> <span class='ocrx_word' id='word_1_81' title='bbox 715 1501 778 1544; x_wconf 89' lang='lat' dir='ltr'>una</span> <span class='ocrx_word' id='word_1_82' title='bbox 802 1501 880 1546; x_wconf 88' lang='lat' dir='ltr'>voce</span> <span class='ocrx_word' id='word_1_83' title='bbox 905 1485 939 1546; x_wconf 88' lang='lat' dir='ltr'>im</span> <span class='ocrx_word' id='word_1_84' title='bbox 962 1505 998 1547; x_wconf 92' lang='lat' dir='ltr'>ea</span> <span class='ocrx_word' id='word_1_85' title='bbox 1024 1485 1062 1548; x_wconf 90' lang='lat' dir='ltr'>de</span> <span class='ocrx_word' id='word_1_86' title='bbox 1084 1506 1146 1571; x_wconf 86' lang='lat' dir='ltr'>qma</span> <span class='ocrx_word' id='word_1_87' title='bbox 1167 1486 1274 1571; x_wconf 85' lang='lat' dir='ltr'>loquor</span> 
     </span>
     <span class='ocr_line' id='line_1_11' title="bbox 136 1584 1274 1667; baseline 0.001 -16"><span class='ocrx_word' id='word_1_88' title='bbox 136 1589 350 1651; x_wconf 77' lang='lat' dir='ltr'>mediocritate</span> <span class='ocrx_word' id='word_1_89' title='bbox 365 1585 500 1664; x_wconf 80' lang='lat' dir='ltr'>tradant,</span> <span class='ocrx_word' id='word_1_90' title='bbox 521 1585 555 1646; x_wconf 94' lang='lat' dir='ltr'>in</span> <span class='ocrx_word' id='word_1_91' title='bbox 570 1584 645 1646; x_wconf 88' lang='lat' dir='ltr'>Iulii</span> <span class='ocrx_word' id='word_1_92' title='bbox 662 1585 801 1648; x_wconf 85' lang='lat' dir='ltr'>Victoris</span> <span class='ocrx_word' id='word_1_93' title='bbox 818 1584 908 1666; x_wconf 89' lang='lat' dir='ltr'>libro,</span> <span class='ocrx_word' id='word_1_94' title='bbox 929 1605 992 1667; x_wconf 90' lang='lat' dir='ltr'>qno</span> <span class='ocrx_word' id='word_1_95' title='bbox 1008 1586 1078 1650; x_wconf 91' lang='lat' dir='ltr'>loco</span> <span class='ocrx_word' id='word_1_96' title='bbox 1095 1587 1148 1651; x_wconf 89' lang='lat' dir='ltr'>ille</span> <span class='ocrx_word' id='word_1_97' title='bbox 1165 1588 1274 1652; x_wconf 83' lang='lat' dir='ltr'>rhetor</span> 
     </span>
     <span class='ocr_line' id='line_1_12' title="bbox 138 1688 1274 1770; baseline 0.004 -18"><span class='ocrx_word' id='word_1_98' title='bbox 138 1690 223 1752; x_wconf 90' lang='lat' dir='ltr'>hanc</span> <span class='ocrx_word' id='word_1_99' title='bbox 244 1688 390 1751; x_wconf 88' lang='lat' dir='ltr'>Oratoris</span> <span class='ocrx_word' id='word_1_100' title='bbox 415 1689 603 1751; x_wconf 85' lang='lat' dir='ltr'>sententiam</span> <span class='ocrx_word' id='word_1_101' title='bbox 629 1688 807 1770; x_wconf 82' lang='lat' dir='ltr'>exscripsit,</span> <span class='ocrx_word' id='word_1_102' title='bbox 831 1689 1009 1751; x_wconf 87' lang='lat' dir='ltr'>invenitur:</span> <span class='ocrx_word' id='word_1_103' title='bbox 1035 1693 1069 1754; x_wconf 88' lang='lat' dir='ltr'>im</span> <span class='ocrx_word' id='word_1_104' title='bbox 1091 1712 1128 1754; x_wconf 87' lang='lat' dir='ltr'>ea</span> <span class='ocrx_word' id='word_1_105' title='bbox 1150 1692 1274 1756; x_wconf 85' lang='lat' dir='ltr'>demam</span> 
     </span>
     <span class='ocr_line' id='line_1_13' title="bbox 138 1791 1273 1878; baseline 0.002 -22"><span class='ocrx_word' id='word_1_106' title='bbox 138 1815 199 1877; x_wconf 85' lang='lat' dir='ltr'>qma</span> <span class='ocrx_word' id='word_1_107' title='bbox 228 1793 339 1878; x_wconf 84' lang='lat' dir='ltr'>loquor</span> <span class='ocrx_word' id='word_1_108' title='bbox 370 1791 586 1855; x_wconf 87' lang='lat' dir='ltr'>mediocritate.</span> <span class='ocrx_word' id='word_1_109' title='bbox 626 1791 689 1854; x_wconf 90' lang='lat' dir='ltr'>Ubi</span> <span class='ocrx_word' id='word_1_110' title='bbox 720 1810 914 1872; x_wconf 89' lang='lat' dir='ltr'>quamquam</span> <span class='ocrx_word' id='word_1_111' title='bbox 942 1813 1008 1855; x_wconf 91' lang='lat' dir='ltr'>non</span> <span class='ocrx_word' id='word_1_112' title='bbox 1038 1792 1161 1876; x_wconf 91' lang='lat' dir='ltr'>dubito,</span> <span class='ocrx_word' id='word_1_113' title='bbox 1193 1797 1273 1876; x_wconf 89' lang='lat' dir='ltr'>quin</span> 
     </span>
     <span class='ocr_line' id='line_1_14' title="bbox 139 1894 1272 1980; baseline 0.004 -23"><span class='ocrx_word' id='word_1_114' title='bbox 139 1895 336 1978; x_wconf 84' lang='lat' dir='ltr'>praepositio</span> <span class='ocrx_word' id='word_1_115' title='bbox 356 1896 394 1958; x_wconf 87' lang='lat' dir='ltr'>de</span> <span class='ocrx_word' id='word_1_116' title='bbox 412 1899 483 1976; x_wconf 91' lang='lat' dir='ltr'>post</span> <span class='ocrx_word' id='word_1_117' title='bbox 499 1912 611 1956; x_wconf 91' lang='lat' dir='ltr'>vocem</span> <span class='ocrx_word' id='word_1_118' title='bbox 631 1895 753 1958; x_wconf 85' lang='lat' dir='ltr'>damam</span> <span class='ocrx_word' id='word_1_119' title='bbox 773 1894 937 1976; x_wconf 83' lang='lat' dir='ltr'>exciderit,</span> <span class='ocrx_word' id='word_1_120' title='bbox 961 1915 1067 1977; x_wconf 88' lang='lat' dir='ltr'>neque</span> <span class='ocrx_word' id='word_1_121' title='bbox 1087 1907 1272 1980; x_wconf 88' lang='lat' dir='ltr'>corruptum</span> 
     </span>
     <span class='ocr_line' id='line_1_15' title="bbox 136 1996 1273 2080; baseline 0.002 -18"><span class='ocrx_word' id='word_1_122' title='bbox 136 2017 208 2062; x_wconf 87' lang='lat' dir='ltr'>esse</span> <span class='ocrx_word' id='word_1_123' title='bbox 240 1997 324 2060; x_wconf 87' lang='lat' dir='ltr'>illud</span> <span class='ocrx_word' id='word_1_124' title='bbox 356 1999 480 2061; x_wconf 87' lang='lat' dir='ltr'>demum</span> <span class='ocrx_word' id='word_1_125' title='bbox 503 2015 521 2059; x_wconf 88' lang='lat' dir='ltr'>e</span> <span class='ocrx_word' id='word_1_126' title='bbox 543 1996 778 2079; x_wconf 89' lang='lat' dir='ltr'>praepositione</span> <span class='ocrx_word' id='word_1_127' title='bbox 808 1997 862 2060; x_wconf 86' lang='lat' dir='ltr'>illa</span> <span class='ocrx_word' id='word_1_128' title='bbox 889 2017 969 2080; x_wconf 88' lang='lat' dir='ltr'>reor,</span> <span class='ocrx_word' id='word_1_129' title='bbox 1001 2003 1107 2061; x_wconf 85' lang='lat' dir='ltr'>tamen</span> <span class='ocrx_word' id='word_1_130' title='bbox 1132 1999 1273 2079; x_wconf 80' lang='lat' dir='ltr'>Stanglio</span> 
     </span>
     <span class='ocr_line' id='line_1_16' title="bbox 137 2099 1271 2167; baseline 0.003 -3"><span class='ocrx_word' id='word_1_131' title='bbox 137 2106 271 2165; x_wconf 88' lang='lat' dir='ltr'>auctore</span> <span class='ocrx_word' id='word_1_132' title='bbox 296 2102 358 2164; x_wconf 88' lang='lat' dir='ltr'>hoo</span> <span class='ocrx_word' id='word_1_133' title='bbox 374 2099 517 2163; x_wconf 89' lang='lat' dir='ltr'>Oratoris</span> <span class='ocrx_word' id='word_1_134' title='bbox 539 2100 610 2162; x_wconf 89' lang='lat' dir='ltr'>loco</span> <span class='ocrx_word' id='word_1_135' title='bbox 634 2119 676 2163; x_wconf 80' lang='lat' dir='ltr'>ex</span> <span class='ocrx_word' id='word_1_136' title='bbox 699 2099 753 2162; x_wconf 87' lang='lat' dir='ltr'>illo</span> <span class='ocrx_word' id='word_1_137' title='bbox 772 2100 848 2162; x_wconf 85' lang='lat' dir='ltr'>Iulii</span> <span class='ocrx_word' id='word_1_138' title='bbox 865 2101 1004 2163; x_wconf 85' lang='lat' dir='ltr'>Victoris</span> <span class='ocrx_word' id='word_1_139' title='bbox 1029 2100 1139 2165; x_wconf 88' lang='lat' dir='ltr'>codice</span> <span class='ocrx_word' id='word_1_140' title='bbox 1160 2123 1271 2167; x_wconf 90' lang='lat' dir='ltr'>vocem</span> 
     </span>
     <span class='ocr_line' id='line_1_17' title="bbox 135 2203 1273 2286; baseline 0.001 -16"><span class='ocrx_word' id='word_1_141' title='bbox 135 2207 264 2270; x_wconf 83' lang='lat' dir='ltr'>demum</span> <span class='ocrx_word' id='word_1_142' title='bbox 292 2205 436 2268; x_wconf 88' lang='lat' dir='ltr'>inserere</span> <span class='ocrx_word' id='word_1_143' title='bbox 462 2223 583 2267; x_wconf 89' lang='lat' dir='ltr'>vereor.</span> <span class='ocrx_word' id='word_1_144' title='bbox 619 2203 733 2286; x_wconf 89' lang='lat' dir='ltr'>Neque</span> <span class='ocrx_word' id='word_1_145' title='bbox 762 2204 847 2266; x_wconf 91' lang='lat' dir='ltr'>enim</span> <span class='ocrx_word' id='word_1_146' title='bbox 872 2205 910 2267; x_wconf 90' lang='lat' dir='ltr'>ad</span> <span class='ocrx_word' id='word_1_147' title='bbox 939 2204 1076 2268; x_wconf 85' lang='lat' dir='ltr'>litteram</span> <span class='ocrx_word' id='word_1_148' title='bbox 1105 2209 1273 2271; x_wconf 87' lang='lat' dir='ltr'>auctorum</span> 
     </span>
     <span class='ocr_line' id='line_1_18' title="bbox 136 2306 1273 2392; baseline 0.004 -22"><span class='ocrx_word' id='word_1_149' title='bbox 136 2327 271 2372; x_wconf 89' lang='lat' dir='ltr'>suorum</span> <span class='ocrx_word' id='word_1_150' title='bbox 294 2307 392 2370; x_wconf 89' lang='lat' dir='ltr'>verba</span> <span class='ocrx_word' id='word_1_151' title='bbox 409 2306 539 2370; x_wconf 86' lang='lat' dir='ltr'>laudare</span> <span class='ocrx_word' id='word_1_152' title='bbox 556 2307 638 2370; x_wconf 92' lang='lat' dir='ltr'>solet</span> <span class='ocrx_word' id='word_1_153' title='bbox 652 2309 712 2370; x_wconf 89' lang='lat' dir='ltr'>iste</span> <span class='ocrx_word' id='word_1_154' title='bbox 728 2308 874 2388; x_wconf 73' lang='lat' dir='ltr'>rhetor3),</span> <span class='ocrx_word' id='word_1_155' title='bbox 891 2308 944 2371; x_wconf 88' lang='lat' dir='ltr'>sed</span> <span class='ocrx_word' id='word_1_156' title='bbox 963 2308 1024 2372; x_wconf 85' lang='lat' dir='ltr'>alia</span> <span class='ocrx_word' id='word_1_157' title='bbox 1040 2329 1167 2392; x_wconf 91' lang='lat' dir='ltr'>quoque</span> <span class='ocrx_word' id='word_1_158' title='bbox 1186 2331 1273 2374; x_wconf 89' lang='lat' dir='ltr'>oom-</span> 
     </span>
     <span class='ocr_line' id='line_1_19' title="bbox 137 2409 1138 2494; baseline 0.001 -20"><span class='ocrx_word' id='word_1_159' title='bbox 137 2413 285 2490; x_wconf 87' lang='lat' dir='ltr'>mutavit,</span> <span class='ocrx_word' id='word_1_160' title='bbox 310 2409 343 2471; x_wconf 91' lang='lat' dir='ltr'>id</span> <span class='ocrx_word' id='word_1_161' title='bbox 368 2409 454 2490; x_wconf 91' lang='lat' dir='ltr'>quod</span> <span class='ocrx_word' id='word_1_162' title='bbox 479 2429 496 2472; x_wconf 92' lang='lat' dir='ltr'>e</span> <span class='ocrx_word' id='word_1_163' title='bbox 519 2409 597 2472; x_wconf 92' lang='lat' dir='ltr'>locis</span> <span class='ocrx_word' id='word_1_164' title='bbox 620 2416 768 2473; x_wconf 88' lang='lat' dir='ltr'>accurate</span> <span class='ocrx_word' id='word_1_165' title='bbox 793 2411 914 2474; x_wconf 78' lang='lat' dir='ltr'>collatis</span> <span class='ocrx_word' id='word_1_166' title='bbox 937 2413 1013 2474; x_wconf 84' lang='lat' dir='ltr'>satis</span> <span class='ocrx_word' id='word_1_167' title='bbox 1037 2417 1138 2494; x_wconf 88' lang='lat' dir='ltr'>patet:</span> 
     </span>
    </p>
   </div>
   <div class='ocr_carea' id='block_1_3' title="bbox 133 2525 1273 3143">
    <p class='ocr_par' dir='ltr' id='par_1_3' title="bbox 133 2525 1273 3143">
     <span class='ocr_line' id='line_1_20' title="bbox 172 2525 1187 2608; baseline 0.002 -18"><span class='ocrx_word' id='word_1_168' title='bbox 172 2528 232 2590; x_wconf 84' lang='lat' dir='ltr'>Iul.</span> <span class='ocrx_word' id='word_1_169' title='bbox 252 2527 376 2588; x_wconf 77' lang='lat' dir='ltr'>Victor.</span> <span class='ocrx_word' id='word_1_170' title='bbox 389 2545 464 2608; x_wconf 83' lang='lat' dir='ltr'>pag.</span> <span class='ocrx_word' id='word_1_171' title='bbox 478 2527 552 2606; x_wconf 75' lang='lat'>438,</span> <span class='ocrx_word' id='word_1_172' title='bbox 570 2527 611 2587; x_wconf 77' lang='grc'>22</span> <span class='ocrx_word' id='word_1_173' title='bbox 629 2546 695 2606; x_wconf 86' lang='lat' dir='ltr'>sqq.</span> <span class='ocrx_word' id='word_1_174' title='bbox 712 2525 752 2588; x_wconf 91' lang='lat' dir='ltr'>H.</span> <span class='ocrx_word' id='word_1_175' title='bbox 921 2526 984 2590; x_wconf 82' lang='lat' dir='ltr'>Cic.</span> <span class='ocrx_word' id='word_1_176' title='bbox 1009 2526 1060 2589; x_wconf 91' lang='lat' dir='ltr'>Or.</span> <span class='ocrx_word' id='word_1_177' title='bbox 1087 2529 1105 2608; x_wconf 65' lang='grc' dir='ltr'>ξ</span> <span class='ocrx_word' id='word_1_178' title='bbox 1129 2529 1187 2592; x_wconf 84' lang='grc'>96;</span> 
     </span>
     <span class='ocr_line' id='line_1_21' title="bbox 134 2641 1273 2730; baseline 0.003 -23"><span class='ocrx_word' id='word_1_179' title='bbox 134 2644 188 2708; x_wconf 81' lang='lat' dir='ltr'>hoo</span> <span class='ocrx_word' id='word_1_180' title='bbox 213 2644 314 2708; x_wconf 80' lang='lat' dir='ltr'>solum</span> <span class='ocrx_word' id='word_1_181' title='bbox 345 2649 440 2704; x_wconf 86' lang='lat' dir='ltr'>totum</span> <span class='ocrx_word' id='word_1_182' title='bbox 466 2662 562 2726; x_wconf 72' lang='lat' dir='ltr'>pamas</span> <span class='ocrx_word' id='word_1_183' title='bbox 589 2663 604 2705; x_wconf 90' lang='lat' dir='ltr'>e</span> <span class='ocrx_word' id='word_1_184' title='bbox 628 2641 680 2724; x_wconf 73' lang='lat' dir='ltr'>leot</span> <span class='ocrx_word' id='word_1_185' title='bbox 705 2643 786 2726; x_wconf 82' lang='lat' dir='ltr'>aad]</span> <span class='ocrx_word' id='word_1_186' title='bbox 843 2643 896 2707; x_wconf 77' lang='lat' dir='ltr'>doe</span> <span class='ocrx_word' id='word_1_187' title='bbox 917 2642 920 2722; x_wconf 83' lang='grc'>1</span> <span class='ocrx_word' id='word_1_188' title='bbox 942 2650 1035 2708; x_wconf 84' lang='lat' dir='ltr'>totam</span> <span class='ocrx_word' id='word_1_189' title='bbox 1057 2641 1097 2729; x_wconf 78' lang='lat' dir='ltr'>{e</span> <span class='ocrx_word' id='word_1_190' title='bbox 1124 2646 1273 2730; x_wconf 70' lang='lat' dir='ltr'>sophista-</span> 
     </span>
     <span class='ocr_line' id='line_1_22' title="bbox 133 2743 1273 2832; baseline 0.004 -22"><span class='ocrx_word' id='word_1_191' title='bbox 133 2746 348 2830; x_wconf 82' lang='lat' dir='ltr'>aopitiatormm</span> <span class='ocrx_word' id='word_1_192' title='bbox 360 2743 464 2826; x_wconf 82' lang='lat' dir='ltr'>fonte</span> <span class='ocrx_word' id='word_1_193' title='bbox 477 2744 607 2827; x_wconf 74' lang='lat' dir='ltr'>defloruit</span> <span class='ocrx_word' id='word_1_194' title='bbox 619 2743 785 2827; x_wconf 72' lang='lat' dir='ltr'>[defluerem</span> <span class='ocrx_word' id='word_1_195' title='bbox 841 2768 913 2810; x_wconf 88' lang='lat' dir='ltr'>rmm</span> <span class='ocrx_word' id='word_1_196' title='bbox 945 2747 1114 2829; x_wconf 77' lang='lat' dir='ltr'>foetibus</span> <span class='ocrx_word' id='word_1_197' title='bbox 1143 2749 1273 2832; x_wconf 80' lang='lat' dir='ltr'>deflmait</span> 
     </span>
     <span class='ocr_line' id='line_1_23' title="bbox 137 2845 1272 2936; baseline 0.005 -25"><span class='ocrx_word' id='word_1_198' title='bbox 137 2849 219 2932; x_wconf 85' lang='lat' dir='ltr'>cod]</span> <span class='ocrx_word' id='word_1_199' title='bbox 247 2851 285 2910; x_wconf 84' lang='lat' dir='ltr'>im</span> <span class='ocrx_word' id='word_1_200' title='bbox 307 2845 424 2928; x_wconf 82' lang='lat' dir='ltr'>forum,</span> <span class='ocrx_word' id='word_1_201' title='bbox 448 2847 499 2909; x_wconf 82' lang='lat' dir='ltr'>aed</span> <span class='ocrx_word' id='word_1_202' title='bbox 522 2853 656 2930; x_wconf 80' lang='lat' dir='ltr'>spretum</span> <span class='ocrx_word' id='word_1_203' title='bbox 680 2869 699 2910; x_wconf 90' lang='lat' dir='ltr'>a</span> <span class='ocrx_word' id='word_1_204' title='bbox 719 2847 787 2910; x_wconf 79' lang='lat' dir='ltr'>aad·</span> <span class='ocrx_word' id='word_1_205' title='bbox 813 2853 815 2906; x_wconf 94' lang='grc' dir='ltr'>Ι</span> <span class='ocrx_word' id='word_1_206' title='bbox 841 2851 876 2912; x_wconf 85' lang='lat' dir='ltr'>im</span> <span class='ocrx_word' id='word_1_207' title='bbox 905 2849 1024 2931; x_wconf 79' lang='lat' dir='ltr'>forum,</span> <span class='ocrx_word' id='word_1_208' title='bbox 1055 2853 1108 2915; x_wconf 79' lang='lat' dir='ltr'>aad</span> <span class='ocrx_word' id='word_1_209' title='bbox 1136 2860 1272 2936; x_wconf 77' lang='lat' dir='ltr'>spretam</span> 
     </span>
     <span class='ocr_line' id='line_1_24' title="bbox 133 2950 1273 3038; baseline 0.004 -22"><span class='ocrx_word' id='word_1_210' title='bbox 133 2954 249 3031; x_wconf 75' lang='lat' dir='ltr'>ididae,</span> <span class='ocrx_word' id='word_1_211' title='bbox 268 2951 424 3034; x_wconf 72' lang='lat' dir='ltr'>repetitam</span> <span class='ocrx_word' id='word_1_212' title='bbox 440 2971 460 3013; x_wconf 87' lang='lat' dir='ltr'>a</span> <span class='ocrx_word' id='word_1_213' title='bbox 474 2950 627 3034; x_wconf 78' lang='lat' dir='ltr'>praeibas,</span> <span class='ocrx_word' id='word_1_214' title='bbox 642 2953 677 3013; x_wconf 86' lang='lat' dir='ltr'>im</span> <span class='ocrx_word' id='word_1_215' title='bbox 688 2971 724 3013; x_wconf 87' lang='lat' dir='ltr'>eo</span> <span class='ocrx_word' id='word_1_216' title='bbox 736 2951 786 3013; x_wconf 91' lang='lat' dir='ltr'>de·</span> <span class='ocrx_word' id='word_1_217' title='bbox 840 2973 862 3015; x_wconf 91' lang='lat' dir='ltr'>o</span> <span class='ocrx_word' id='word_1_218' title='bbox 882 2953 1048 3034; x_wconf 77' lang='lat' dir='ltr'>subtilibus,</span> <span class='ocrx_word' id='word_1_219' title='bbox 1073 2955 1229 3038; x_wconf 77' lang='lat' dir='ltr'>reputarem</span> <span class='ocrx_word' id='word_1_220' title='bbox 1252 2979 1273 3020; x_wconf 90' lang='lat' dir='ltr'>o</span> 
     </span>
     <span class='ocr_line' id='line_1_25' title="bbox 133 3046 1272 3143; baseline 0.002 -23"><span class='ocrx_word' id='word_1_221' title='bbox 133 3077 219 3120; x_wconf 88' lang='lat' dir='ltr'>mmm</span> <span class='ocrx_word' id='word_1_222' title='bbox 245 3051 340 3140; x_wconf 86' lang='lat' dir='ltr'>&lt;de&gt;</span> <span class='ocrx_word' id='word_1_223' title='bbox 363 3074 424 3138; x_wconf 84' lang='lat' dir='ltr'>qua</span> <span class='ocrx_word' id='word_1_224' title='bbox 448 3053 554 3137; x_wconf 83' lang='lat' dir='ltr'>loquor</span> <span class='ocrx_word' id='word_1_225' title='bbox 580 3054 787 3116; x_wconf 80' lang='lat' dir='ltr'>mediocritate</span> <span class='ocrx_word' id='word_1_226' title='bbox 839 3046 993 3140; x_wconf 72' lang='lat' dir='ltr'>praeibas,</span> <span class='ocrx_word' id='word_1_227' title='bbox 1017 3059 1052 3119; x_wconf 87' lang='lat' dir='ltr'>im</span> <span class='ocrx_word' id='word_1_228' title='bbox 1074 3078 1110 3120; x_wconf 90' lang='lat' dir='ltr'>ea</span> <span class='ocrx_word' id='word_1_229' title='bbox 1131 3054 1134 3138; x_wconf 93' lang='grc' dir='ltr'>Ι</span> <span class='ocrx_word' id='word_1_230' title='bbox 1155 3058 1193 3121; x_wconf 85' lang='lat' dir='ltr'>de</span> <span class='ocrx_word' id='word_1_231' title='bbox 1211 3080 1272 3143; x_wconf 85' lang='lat' dir='ltr'>qma</span> 
     </span>
    </p>
   </div>
   <div class='ocr_carea' id='block_1_4' title="bbox 130 3159 1379 3243">
    <p class='ocr_par' dir='ltr' id='par_1_4' title="bbox 130 3159 1379 3243">
     <span class='ocr_line' id='line_1_26' title="bbox 130 3159 1379 3243; baseline 0.003 -21"><span class='ocrx_word' id='word_1_232' title='bbox 130 3159 278 3223; x_wconf 79' lang='lat' dir='ltr'>coaccedit.</span> <span class='ocrx_word' id='word_1_233' title='bbox 841 3159 947 3243; x_wconf 81' lang='lat' dir='ltr'>loquor</span> <span class='ocrx_word' id='word_1_234' title='bbox 973 3160 1180 3224; x_wconf 80' lang='lat' dir='ltr'>mediocritate</span> <span class='ocrx_word' id='word_1_235' title='bbox 1201 3183 1271 3226; x_wconf 85' lang='lat' dir='ltr'>com-</span> <span class='ocrx_word' id='word_1_236' title='bbox 1376 3198 1379 3203; x_wconf 76' lang='lat'>,</span> 
     </span>
    </p>
   </div>
   <div class='ocr_carea' id='block_1_5' title="bbox 132 3261 1272 3636">
    <p class='ocr_par' dir='ltr' id='par_1_5' title="bbox 132 3261 1272 3636">
     <span class='ocr_line' id='line_1_27' title="bbox 811 3261 924 3334; baseline -0.009 -10"><span class='ocrx_word' id='word_1_237' title='bbox 811 3309 814 3334; x_wconf 68' lang='lat'>,</span> <span class='ocrx_word' id='word_1_238' title='bbox 840 3261 924 3324; x_wconf 81' lang='lat' dir='ltr'>aedit.</span> 
     </span>
     <span class='ocr_line' id='line_1_28' title="bbox 225 3363 1272 3446; baseline 0.008 -22"><span class='ocrx_word' id='word_1_239' title='bbox 225 3364 299 3439; x_wconf 79' lang='lat' dir='ltr'>Quo</span> <span class='ocrx_word' id='word_1_240' title='bbox 324 3363 371 3444; x_wconf 86' lang='lat' dir='ltr'>tit,</span> <span class='ocrx_word' id='word_1_241' title='bbox 404 3368 439 3424; x_wconf 90' lang='lat' dir='ltr'>ut</span> <span class='ocrx_word' id='word_1_242' title='bbox 462 3364 521 3426; x_wconf 89' lang='lat' dir='ltr'>hac</span> <span class='ocrx_word' id='word_1_243' title='bbox 547 3363 586 3426; x_wconf 93' lang='lat' dir='ltr'>de</span> <span class='ocrx_word' id='word_1_244' title='bbox 611 3365 795 3444; x_wconf 89' lang='lat' dir='ltr'>quaestione</span> <span class='ocrx_word' id='word_1_245' title='bbox 819 3386 838 3426; x_wconf 93' lang='lat' dir='ltr'>a</span> <span class='ocrx_word' id='word_1_246' title='bbox 862 3364 1003 3446; x_wconf 81' lang='lat' dir='ltr'>Stanglio</span> <span class='ocrx_word' id='word_1_247' title='bbox 1029 3365 1216 3431; x_wconf 88' lang='lat' dir='ltr'>dissentiam</span> <span class='ocrx_word' id='word_1_248' title='bbox 1240 3377 1272 3432; x_wconf 88' lang='lat' dir='ltr'>et</span> 
     </span>
     <span class='ocr_line' id='line_1_29' title="bbox 132 3466 1270 3554; baseline 0.002 -22"><span class='ocrx_word' id='word_1_249' title='bbox 132 3467 282 3532; x_wconf 82' lang='lat' dir='ltr'>Oratoris</span> <span class='ocrx_word' id='word_1_250' title='bbox 299 3467 454 3529; x_wconf 89' lang='lat' dir='ltr'>librorum</span> <span class='ocrx_word' id='word_1_251' title='bbox 472 3466 693 3529; x_wconf 80' lang='lat' dir='ltr'>auctoritatem</span> <span class='ocrx_word' id='word_1_252' title='bbox 706 3473 895 3548; x_wconf 89' lang='lat' dir='ltr'>anteponam</span> <span class='ocrx_word' id='word_1_253' title='bbox 911 3468 1102 3548; x_wconf 88' lang='lat' dir='ltr'>testimonio,</span> <span class='ocrx_word' id='word_1_254' title='bbox 1120 3472 1155 3531; x_wconf 91' lang='lat' dir='ltr'>ut</span> <span class='ocrx_word' id='word_1_255' title='bbox 1171 3471 1270 3554; x_wconf 89' lang='lat' dir='ltr'>aiunt,</span> 
     </span>
     <span class='ocr_line' id='line_1_30' title="bbox 132 3573 246 3636; baseline 0.009 -5"><span class='ocrx_word' id='word_1_256' title='bbox 132 3573 246 3636; x_wconf 89' lang='lat' dir='ltr'>veteri.</span> 
     </span>
    </p>
   </div>
   <div class='ocr_carea' id='block_1_6' title="bbox 225 3773 1271 3858">
    <p class='ocr_par' dir='ltr' id='par_1_6' title="bbox 225 3773 1271 3858">
     <span class='ocr_line' id='line_1_31' title="bbox 225 3773 1271 3858; baseline 0.004 -21"><span class='ocrx_word' id='word_1_257' title='bbox 225 3781 247 3857; x_wconf 59' lang='grc' dir='ltr'>ς’</span> <span class='ocrx_word' id='word_1_258' title='bbox 270 3777 341 3837; x_wconf 84' lang='grc'>101.</span> <span class='ocrx_word' id='word_1_259' title='bbox 371 3773 576 3836; x_wconf 69' lang='lat' dir='ltr'>adumbratis</span> <span class='ocrx_word' id='word_1_260' title='bbox 600 3775 696 3836; x_wconf 87' lang='lat' dir='ltr'>trium</span> <span class='ocrx_word' id='word_1_261' title='bbox 720 3793 873 3855; x_wconf 79' lang='lat' dir='ltr'>generum</span> <span class='ocrx_word' id='word_1_262' title='bbox 899 3776 1076 3839; x_wconf 88' lang='lat' dir='ltr'>oratoribus</span> <span class='ocrx_word' id='word_1_263' title='bbox 1100 3783 1197 3858; x_wconf 90' lang='lat' dir='ltr'>atque</span> <span class='ocrx_word' id='word_1_264' title='bbox 1222 3781 1271 3842; x_wconf 90' lang='lat' dir='ltr'>in-</span> 
     </span>
    </p>
   </div>
   <div class='ocr_carea' id='block_1_7' title="bbox 132 3877 1270 4065">
    <p class='ocr_par' dir='ltr' id='par_1_7' title="bbox 132 3877 1270 4065">
     <span class='ocr_line' id='line_1_32' title="bbox 132 3877 1270 3962; baseline 0.003 -20"><span class='ocrx_word' id='word_1_265' title='bbox 132 3881 273 3944; x_wconf 78' lang='lat' dir='ltr'>formato</span> <span class='ocrx_word' id='word_1_266' title='bbox 287 3898 333 3958; x_wconf 88' lang='lat' dir='ltr'>oc,</span> <span class='ocrx_word' id='word_1_267' title='bbox 352 3896 448 3958; x_wconf 91' lang='lat' dir='ltr'>quem</span> <span class='ocrx_word' id='word_1_268' title='bbox 462 3882 559 3959; x_wconf 87' lang='lat' dir='ltr'>ponat</span> <span class='ocrx_word' id='word_1_269' title='bbox 571 3877 756 3959; x_wconf 90' lang='lat' dir='ltr'>prinoipem,</span> <span class='ocrx_word' id='word_1_270' title='bbox 770 3877 893 3941; x_wconf 82' lang='lat' dir='ltr'>Tullius</span> <span class='ocrx_word' id='word_1_271' title='bbox 905 3885 1118 3962; x_wconf 90' lang='lat' dir='ltr'>opponentem</span> <span class='ocrx_word' id='word_1_272' title='bbox 1134 3879 1270 3945; x_wconf 90' lang='lat' dir='ltr'>Brutum</span> 
     </span>
     <span class='ocr_line' id='line_1_33' title="bbox 134 3978 1270 4065; baseline 0.003 -19"><span class='ocrx_word' id='word_1_273' title='bbox 134 3983 214 4046; x_wconf 82' lang='lat' dir='ltr'>facit</span> <span class='ocrx_word' id='word_1_274' title='bbox 248 3999 425 4061; x_wconf 89' lang='lat' dir='ltr'>numquam</span> <span class='ocrx_word' id='word_1_275' title='bbox 455 3980 555 4042; x_wconf 85' lang='lat' dir='ltr'>tuisse</span> <span class='ocrx_word' id='word_1_276' title='bbox 589 3979 692 4042; x_wconf 86' lang='lat' dir='ltr'>talem.</span> <span class='ocrx_word' id='word_1_277' title='bbox 735 3978 985 4063; x_wconf 89' lang='lat' dir='ltr'>Occupationem</span> <span class='ocrx_word' id='word_1_278' title='bbox 1016 3980 1069 4044; x_wconf 88' lang='lat' dir='ltr'>dat</span> <span class='ocrx_word' id='word_1_279' title='bbox 1099 3985 1270 4065; x_wconf 89' lang='lat' dir='ltr'>statimque</span> 
     </span>
    </p>
   </div>
   <div class='ocr_carea' id='block_1_8' title="bbox 131 4080 1374 4169">
    <p class='ocr_par' dir='ltr' id='par_1_8' title="bbox 131 4080 1374 4169">
     <span class='ocr_line' id='line_1_34' title="bbox 131 4080 1374 4169; baseline 0.002 -22"><span class='ocrx_word' id='word_1_280' title='bbox 131 4087 256 4149; x_wconf 86' lang='lat' dir='ltr'>refutat</span> <span class='ocrx_word' id='word_1_281' title='bbox 272 4084 362 4146; x_wconf 90' lang='lat' dir='ltr'>hisce</span> <span class='ocrx_word' id='word_1_282' title='bbox 382 4083 506 4145; x_wconf 81' lang='lat' dir='ltr'>verbis:</span> <span class='ocrx_word' id='word_1_283' title='bbox 532 4080 628 4146; x_wconf 89' lang='lat' dir='ltr'>Nemo</span> <span class='ocrx_word' id='word_1_284' title='bbox 646 4085 682 4164; x_wconf 82' lang='lat' dir='ltr'>is,</span> <span class='ocrx_word' id='word_1_285' title='bbox 700 4085 826 4168; x_wconf 80' lang='lat' dir='ltr'>imperiae,</span> <span class='ocrx_word' id='word_1_286' title='bbox 847 4105 991 4169; x_wconf 81' lang='lat' dir='ltr'>umquam</span> <span class='ocrx_word' id='word_1_287' title='bbox 1011 4083 1084 4166; x_wconf 73' lang='lat' dir='ltr'>fait.</span> <span class='ocrx_word' id='word_1_288' title='bbox 1109 4085 1156 4149; x_wconf 90' lang='lat' dir='ltr'>Ne</span> <span class='ocrx_word' id='word_1_289' title='bbox 1171 4086 1271 4169; x_wconf 84' lang='lat' dir='ltr'>fuerit</span> <span class='ocrx_word' id='word_1_290' title='bbox 1370 4119 1374 4124; x_wconf 90' lang='lat'><em>·</em></span> 
     </span>
    </p>
   </div>
   <div class='ocr_carea' id='block_1_9' title="bbox 228 4223 1159 4378">
    <p class='ocr_par' dir='ltr' id='par_1_9' title="bbox 228 4223 1159 4378">
     <span class='ocr_line' id='line_1_35' title="bbox 230 4223 1159 4302; baseline 0.004 -25"><span class='ocrx_word' id='word_1_291' title='bbox 230 4225 247 4292; x_wconf 79' lang='grc'>1)</span> <span class='ocrx_word' id='word_1_292' title='bbox 268 4225 308 4277; x_wconf 84' lang='lat' dir='ltr'>cr.</span> <span class='ocrx_word' id='word_1_293' title='bbox 324 4224 369 4278; x_wconf 71' lang='lat' dir='ltr'>or.</span> <span class='ocrx_word' id='word_1_294' title='bbox 384 4223 417 4293; x_wconf 64' lang='lat' dir='ltr'>§a</span> <span class='ocrx_word' id='word_1_295' title='bbox 431 4225 473 4288; x_wconf 78' lang='lat' dir='ltr'>aa,</span> <span class='ocrx_word' id='word_1_296' title='bbox 494 4225 537 4291; x_wconf 81' lang='lat' dir='ltr'>aa,</span> <span class='ocrx_word' id='word_1_297' title='bbox 557 4224 622 4290; x_wconf 82' lang='lat'>215;</span> <span class='ocrx_word' id='word_1_298' title='bbox 642 4225 682 4278; x_wconf 75' lang='lat' dir='ltr'>oe</span> <span class='ocrx_word' id='word_1_299' title='bbox 702 4241 741 4277; x_wconf 77' lang='lat' dir='ltr'>or.</span> <span class='ocrx_word' id='word_1_300' title='bbox 756 4225 797 4290; x_wconf 85' lang='lat'>111,</span> <span class='ocrx_word' id='word_1_301' title='bbox 818 4225 861 4292; x_wconf 84' lang='lat' dir='ltr'>ac,</span> <span class='ocrx_word' id='word_1_302' title='bbox 883 4226 946 4302; x_wconf 82' lang='lat' dir='ltr'>roo;</span> <span class='ocrx_word' id='word_1_303' title='bbox 966 4225 1078 4294; x_wconf 69' lang='lat' dir='ltr'>eruas</span> <span class='ocrx_word' id='word_1_304' title='bbox 1101 4227 1159 4281; x_wconf 75' lang='lat'>141.</span> 
     </span>
     <span class='ocr_line' id='line_1_36' title="bbox 228 4303 1105 4378; baseline 0.001 -15"><span class='ocrx_word' id='word_1_305' title='bbox 228 4313 249 4377; x_wconf 52' lang='grc' dir='ltr'>ν)</span> <span class='ocrx_word' id='word_1_306' title='bbox 269 4310 336 4363; x_wconf 81' lang='lat' dir='ltr'>mr</span> <span class='ocrx_word' id='word_1_307' title='bbox 357 4310 388 4376; x_wconf 89' lang='lat' dir='ltr'>v,</span> <span class='ocrx_word' id='word_1_308' title='bbox 410 4309 491 4376; x_wconf 64' lang='lat' dir='ltr'>maa</span> <span class='ocrx_word' id='word_1_309' title='bbox 512 4310 552 4362; x_wconf 84' lang='lat' dir='ltr'>nr.</span> <span class='ocrx_word' id='word_1_310' title='bbox 567 4309 584 4362; x_wconf 81' lang='lat' dir='ltr'>r,</span> <span class='ocrx_word' id='word_1_311' title='bbox 599 4310 624 4363; x_wconf 81' lang='lat' dir='ltr'>a.</span> <span class='ocrx_word' id='word_1_312' title='bbox 638 4310 668 4363; x_wconf 90' lang='lat' dir='ltr'>a.</span> <span class='ocrx_word' id='word_1_313' title='bbox 683 4310 725 4376; x_wconf 83' lang='lat'>21,</span> <span class='ocrx_word' id='word_1_314' title='bbox 748 4309 810 4373; x_wconf 77' lang='lat'>1253</span> <span class='ocrx_word' id='word_1_315' title='bbox 831 4310 870 4362; x_wconf 84' lang='lat' dir='ltr'>m.</span> <span class='ocrx_word' id='word_1_316' title='bbox 885 4311 902 4364; x_wconf 85' lang='lat' dir='ltr'>r.</span> <span class='ocrx_word' id='word_1_317' title='bbox 916 4311 943 4364; x_wconf 81' lang='lat' dir='ltr'>a.</span> <span class='ocrx_word' id='word_1_318' title='bbox 956 4311 986 4365; x_wconf 87' lang='lat' dir='ltr'>a.</span> <span class='ocrx_word' id='word_1_319' title='bbox 1001 4311 1044 4378; x_wconf 85' lang='lat'>23,</span> <span class='ocrx_word' id='word_1_320' title='bbox 1064 4303 1105 4364; x_wconf 77' lang='lat' dir='ltr'>aa.</span> 
     </span>
    </p>
   </div>
   <div class='ocr_carea' id='block_1_10' title="bbox 228 4393 1271 4542">
    <p class='ocr_par' dir='ltr' id='par_1_10' title="bbox 228 4393 1271 4542">
     <span class='ocr_line' id='line_1_37' title="bbox 228 4393 1271 4470; baseline 0.008 -22"><span class='ocrx_word' id='word_1_321' title='bbox 228 4396 249 4455; x_wconf 81' lang='lat'>³)</span> <span class='ocrx_word' id='word_1_322' title='bbox 272 4395 372 4449; x_wconf 90' lang='lat' dir='ltr'>Videas</span> <span class='ocrx_word' id='word_1_323' title='bbox 387 4410 471 4461; x_wconf 87' lang='lat' dir='ltr'>quam</span> <span class='ocrx_word' id='word_1_324' title='bbox 484 4393 571 4447; x_wconf 81' lang='lat' dir='ltr'>libere</span> <span class='ocrx_word' id='word_1_325' title='bbox 585 4394 662 4447; x_wconf 86' lang='lat' dir='ltr'>fonte</span> <span class='ocrx_word' id='word_1_326' title='bbox 677 4410 744 4447; x_wconf 88' lang='lat' dir='ltr'>usus</span> <span class='ocrx_word' id='word_1_327' title='bbox 764 4393 801 4446; x_wconf 88' lang='lat' dir='ltr'>sit</span> <span class='ocrx_word' id='word_1_328' title='bbox 811 4394 859 4449; x_wconf 87' lang='lat' dir='ltr'>Iul.</span> <span class='ocrx_word' id='word_1_329' title='bbox 870 4395 964 4450; x_wconf 89' lang='lat' dir='ltr'>Victor</span> <span class='ocrx_word' id='word_1_330' title='bbox 977 4396 1109 4464; x_wconf 58' lang='lat' dir='ltr'>pegma,</span> <span class='ocrx_word' id='word_1_331' title='bbox 1122 4399 1156 4452; x_wconf 82' lang='lat'>27</span> <span class='ocrx_word' id='word_1_332' title='bbox 1168 4415 1226 4470; x_wconf 91' lang='lat' dir='ltr'>sqq.</span> <span class='ocrx_word' id='word_1_333' title='bbox 1239 4402 1271 4456; x_wconf 89' lang='lat' dir='ltr'>H.</span> 
     </span>
     <span class='ocr_line' id='line_1_38' title="bbox 1112 4488 1161 4542; baseline 0.02 -1"><span class='ocrx_word' id='word_1_334' title='bbox 1112 4488 1161 4542; x_wconf 81' lang='lat'>16*</span> 
     </span>
    </p>
   </div>
   <div class='ocr_carea' id='block_1_11' title="bbox 0 0 1624 5252">
    <p class='ocr_par' dir='ltr' id='par_1_11' title="bbox 0 0 1624 5252">
     <span class='ocr_line' id='line_1_39' title="bbox 0 0 1624 5252; baseline 0 0"><span class='ocrx_word' id='word_1_335' title='bbox 0 0 1624 5252; x_wconf 95' lang='lat' dir='ltr'> </span> 
     </span>
    </p>
   </div>
  </div>
 </body>
</html>
