3240 5252
355 495 398 557 46
804 499 925 554 Petrus
943 498 1035 565 Rem,
1135 445 1138 451 Ι
1397 488 1479 572 [206]

355 675 496 757 speeiem
520 677 613 737 vocat
636 672 723 735 ἰδέαν
739 672 866 753 νοητήν,
890 669 992 734 idest
1015 690 1097 752 quae
1121 671 1317 753 cogitatione
1334 675 1365 733 et
1380 673 1479 733 mente

355 776 545 858 percipitur:
560 774 671 838 eodem
682 774 776 839 modo
786 776 893 839 ideam
904 776 1105 857 eloquentiae
1116 781 1224 840 mente
1236 775 1482 858 complectimur,

355 878 499 960 effigiem
523 896 598 940 vero
622 879 724 960 ipsius
749 879 880 943 auribus
904 879 1073 942 sentimus'
1083 883 1113 960 ¹).

446 979 509 1044 Sed
540 979 695 1044 vocabulo
726 1002 789 1045 noa
822 983 980 1045 exstincto
1012 981 1184 1045 delendum
1216 986 1266 1048 est
1296 981 1392 1042 etiam
1421 980 1484 1063 ipso

355 1102 540 1167 pronomen,
554 1082 587 1146 id
601 1085 763 1165 quodiam
775 1084 858 1147 vidit
870 1085 1039 1164 Geelius2).
1064 1083 1093 1147 N
1096 1104 1145 1146 am
1159 1085 1299 1166 pessime
1311 1100 1484 1166 pronomen

356 1185 572 1251 defenderunt
595 1187 627 1250 Ο.
644 1187 750 1269 Beier,
775 1189 831 1269 qui
854 1207 934 1269 quas
958 1186 1100 1251 attulerit
1124 1205 1237 1250 causas
1257 1179 1291 1248 in
1308 1184 1485 1248 Vollbehrii

357 1289 438 1353 libro
454 1289 583 1353 laudato
600 1293 679 1372 (pag.
697 1292 729 1370 8)
753 1289 870 1372 videas,
896 1295 928 1354 et
942 1289 992 1354 Fr.
1010 1289 1139 1353 Goeller
1160 1289 1196 1351 in
1213 1289 1260 1358 ed.
1278 1309 1347 1372 pag.
1366 1291 1383 1351 i
1389 1289 1407 1350 2
1429 1288 1486 1350 hoc

356 1392 505 1475 exemplo
530 1392 621 1456 uisus
645 1411 662 1456 e
687 1391 851 1457 Ciceronis
875 1412 924 1475 ep.
945 1391 986 1456 ad
1009 1392 1082 1454 iam.
1099 1391 1172 1474 XV,
1191 1393 1232 1454 16
1257 1396 1402 1474 sumpto:
1426 1389 1487 1454 His
1591 1421 1592 1456 1

355 1501 459 1558 ouoem
482 1497 607 1580 spectris
630 1495 798 1580 (εἰδώλοις)
826 1498 947 1560 etiamsi
969 1496 1049 1560 oculi
1066 1502 1195 1580 possunt
1217 1494 1322 1576 feriri,
1346 1495 1429 1580 quod
1450 1495 1487 1556 iis

355 1598 401 1662 ool
422 1600 491 1682 ipso
513 1605 683 1661 occurrunt
708 1635 750 1642 —
774 1598 806 1660 id
831 1603 895 1661 est:
925 1599 977 1661 vel
1001 1602 1204 1682 ellesponto,
1235 1599 1360 1662 etiamsi
1385 1597 1426 1659 de
1448 1597 1486 1658 iis

357 1698 440 1762 nolis
469 1701 607 1781 cogitare
635 1737 679 1748 —
707 1704 831 1766 animus
860 1704 914 1786 put
934 1703 1040 1786 possit,
1071 1722 1123 1787 eqo
1150 1720 1212 1764 non
1240 1701 1332 1764 rideo.
1368 1697 1486 1762 Eodem

357 1800 479 1866 ratione
504 1803 602 1867 semel
626 1822 705 1866 usus
730 1809 778 1867 est
802 1803 914 1867 eodem
929 1803 1118 1886 pronomine
1133 1801 1311 1884 Lueretius,
1338 1803 1431 1866 cuius
1454 1802 1485 1863 in

358 1909 470 1990 quinto
500 1908 581 1972 libro
612 1909 688 1972 inde
712 1909 750 1971 ab
785 1910 870 1971 1146
894 1909 928 1970 hi
950 1909 1104 1991 leguntur
1126 1926 1257 1971 uersus:
1283 1907 1369 1971 Nam
1394 1928 1487 1993 penus
1592 1883 1593 1938 3

356 2011 528 2076 humanum
544 2012 695 2095 defessum
708 2013 840 2077 vicodere
856 2033 963 2077 acaum
983 2013 987 2096 i
1008 2033 1045 2075 ea
1055 2012 1229 2075 inimicitiis
1243 2009 1416 2096 drapuebat,
1432 2030 1487 2094 quo

356 2117 456 2200 mepte
478 2117 578 2199 ipsum
601 2113 606 2201 Ι
626 2123 729 2200 specle
746 2137 803 2180 sua
819 2117 924 2180 cecidit
939 2115 994 2179 sub
1009 2115 1085 2201 depes
1100 2119 1230 2198 ortuque
1244 2116 1327 2177 iura.
1351 2115 1397 2176 At
1412 2131 1486 2174 num

357 2217 410 2279 hic
435 2216 541 2280 dicere
564 2219 669 2299 potuit
693 2216 823 2281 Cicero:
853 2240 888 2282 co
916 2239 992 2302 quac
1015 2220 1084 2302 ipso
1105 2237 1163 2281 sua
1186 2222 1290 2300 sponte
1312 2215 1367 2280 sab
1391 2216 1486 2280 oculos
1593 2209 1594 2300 i

355 2320 493 2383 cadunt?
507 2320 572 2381 Vix
585 2319 750 2383 meliorem
764 2339 834 2384 esse
844 2320 911 2383 Ioh.
925 2320 1015 2383 Bnkii
1024 2320 1321 2401 interpretationem
1329 2320 1353 2399 ³)
1364 2337 1485 2398 censeo,

358 2422 415 2505 qui
436 2425 506 2507 apsa
528 2422 607 2485 illud
638 2423 782 2505 posuisse
805 2423 945 2485 Tullium
974 2423 1114 2486 declarat
1137 2420 1280 2485 Platonis
1304 2421 1397 2503 quasi
1419 2420 1487 2482 irni-

356 2525 484 2606 tatioue,
510 2526 566 2606 qui
586 2525 763 2608 distinguat
781 2528 866 2589 inter
885 2525 961 2589 αὐτὸ
984 2531 1017 2589 et
1035 2524 1122 2606 αὐτά,
1146 2524 1246 2588 veluti
1262 2525 1297 2586 in
1316 2523 1486 2587 Phaedone

359 2648 428 2710 pag.
447 2629 488 2690 74
515 2627 575 2691 BC.
612 2628 858 2692 Distiuctionem
890 2629 976 2692 enim
1007 2633 1072 2691 tam
1102 2627 1251 2691 subtilem
1282 2631 1355 2691 ete
1385 2625 1486 2690 media

358 2728 559 2812 philosophia
570 2733 700 2814 petitam
713 2731 765 2794 hic
778 2736 843 2793 tam
854 2731 988 2814 abrupte
1001 2713 1019 2794 a
1030 2731 1183 2794 Cicerone
1195 2731 1333 2813 proferri
1345 2732 1485 2814 potuisse

358 2831 430 2894 iure
454 2833 583 2914 negavit
607 2832 820 2897 Vollbehrius.
851 2833 1023 2897 Accedunt
1045 2834 1108 2898 duo
1132 2835 1211 2897 alia:
1236 2835 1377 2917 primum
1402 2833 1483 2916 quod

357 2937 504 3020 depilatae
527 2938 634 3018 speciei
649 2939 843 3000 contrarium
862 2938 926 3000 iam
942 2937 1076 3001 vocibus
1095 2938 1149 3003 sub
1164 2939 1258 3003 oralia
1275 2939 1483 3018 contineatur,

358 3036 501 3119 alterum,
531 3037 617 3119 quod
641 3037 690 3100 his
714 3039 822 3103 verbis
846 3041 1004 3123 expressit
1026 3041 1199 3104 Pideritius
1227 3043 1262 3104 in
1286 3041 1363 3104 Eois
1388 3042 1447 3105 vol.
1462 3042 1484 3122 I,

358 3141 441 3202 401:
475 3139 553 3225 ‘ipso
586 3159 621 3203 so
654 3142 781 3224 gestellt
814 3143 874 3207 wie
907 3144 977 3206 hier
1009 3143 1155 3228 verlangt
1187 3145 1403 3227 gebieteriseh
1436 3144 1484 3207 die

358 3241 517 3324 Negation
536 3244 619 3307 nach
636 3245 715 3308 sioh'
739 3251 771 3310 et
785 3266 854 3330 pag.
871 3248 954 3310 402:
979 3246 1172 3328 ‘abgeseheu
1187 3266 1252 3308 von
1269 3246 1327 3310 der
1341 3246 1485 3310 falsohen

358 3344 506 3426 Stellung
529 3365 592 3408 von
614 3349 691 3431 apso,
716 3347 771 3410 das
796 3348 882 3411 daun
905 3349 1012 3412 hinter
1035 3350 1150 3413 cadunt
1174 3349 1288 3413 stehen
1312 3349 1425 3412 sollte'.

449 3446 651 3511 Gerundium
674 3449 812 3531 denique
835 3451 987 3516 imitando
1016 3452 1120 3533 ipsum
1151 3471 1280 3533 quoque
1306 3453 1408 3516 Bekio
1435 3471 1485 3514 su·

359 3555 504 3632 spectum
535 3550 617 3615 bene
649 3551 833 3616 defenditur
861 3552 901 3616 ab
934 3553 1045 3617 eodem
1069 3554 1241 3634 Pideritio,
1272 3560 1309 3618 ut
1333 3560 1402 3618 eret
1423 3553 1484 3617 acri

359 3651 496 3735 iugenio,
520 3654 554 3726 in
574 3653 622 3718 ed.
642 3654 693 3716 alt.
712 3674 783 3737 pag.
801 3657 842 3718 35
868 3655 1060 3720 disserente:
1095 3655 1171 3719 ‘Das
1193 3656 1317 3738 irruere,
1343 3677 1401 3720 vor
1424 3657 1483 3719 den

360 3756 476 3838 Augen
500 3755 556 3820 des
573 3756 697 3820 Geistes
721 3756 935 3821 schwebeude
950 3755 1105 3820 Idealbild
1120 3758 1164 3820 ist
1179 3757 1235 3820 das
1251 3757 1384 3841 Muster‚
1404 3757 1484 3821 nach

360 3858 434 3922 dem
458 3861 516 3924 der
537 3860 692 3925 Kiinstler
714 3861 833 3924 mittels
857 3860 1111 3924 klinstlerischer
1133 3860 1362 3945 Nachbildung
1385 3863 1484 3944 (μιμεῖ-

453 4079 471 4146 ¹)
490 4077 649 4146 Quaerendi
668 4078 785 4131 verbum
804 4077 958 4131 Victorium
981 4077 1091 4131 fefellit:
1116 4076 1238 4147 effigiem
1261 4078 1379 4133 auribus
1402 4077 1483 4133 senti-

360 4177 462 4228 remus
482 4162 506 4216 si
526 4167 620 4216 essent
640 4167 765 4216 oratores
785 4162 854 4216 satis
874 4161 998 4230 perlecti.

450 4246 472 4316 ²)
490 4246 532 4301 Ad
551 4245 631 4300 Dion.
651 4246 748 4316 Chrys.
769 4262 830 4316 pag.
844 4247 886 4300 88.

450 4331 471 4392 ³)
490 4331 518 4384 L.
536 4331 553 4385 l.
572 4347 633 4399 pag.
651 4331 694 4385 38.
