3228 5268
352 484 393 547 14
783 489 894 544 Xaver
912 490 1032 560 Hiirth,

349 661 544 744 perscrutari
564 666 744 743 coeperant.
769 660 882 744 Neque
906 681 982 725 vero
1004 663 1135 727 eaedem
1157 665 1291 727 virtutes
1314 665 1348 726 in
1369 663 1474 726 lauda-

348 763 491 827 tionibus
504 769 678 828 occurrunt
688 782 795 846 neque
808 783 863 828 eae
876 764 1021 829 eiusdem
1030 767 1170 848 generis3
1184 767 1354 849 propositis
1367 785 1473 830 exem-

348 866 410 950 plis
419 865 514 929 facile
523 867 593 949 ipse
601 866 734 948 videbis,
743 887 826 949 quae
837 867 889 930 hic
898 867 1106 931 inveniantur
1115 868 1318 933 differentiae
1330 887 1474 952 quaeque

350 969 606 1033 differentiarum
619 968 881 1032 oausaefucrint:
896 988 971 1033 cum
984 971 1070 1033 enim
1079 969 1277 1052 Thucydidis
1296 971 1474 1054 epitaphius

349 1091 416 1134 non
443 1069 506 1134 nisi
538 1089 591 1134 eas
620 1071 756 1134 virtutes
779 1074 895 1154 tangat,
927 1092 1006 1154 quas
1034 1074 1122 1136 cives
1155 1075 1190 1136 in
1217 1093 1286 1136 rem
1315 1074 1475 1158 publicam,

348 1174 502 1258 praebere
529 1172 655 1255 debent,
685 1174 907 1238 fortitudinem
934 1174 1008 1239 dico
1037 1180 1069 1239 et
1096 1175 1332 1240 oboedientiam
1360 1178 1474 1261 legum,

350 1278 385 1340 in
413 1276 550 1358 Gorgiae
577 1277 770 1359 epileph101)
800 1283 833 1341 et
861 1279 897 1341 in
924 1277 1120 1360 Euripidisr)
1148 1278 1243 1342 laude
1272 1280 1418 1343 virorum
1444 1281 1476 1342 in

349 1401 459 1464 pugna
486 1385 685 1444 mortuorum
715 1401 780 1444 non
804 1383 899 1463 cives,
923 1382 979 1446 sed
1005 1382 1150 1445 homines
1173 1380 1403 1465 depinguntur.
1440 1383 1476 1446 In

350 1482 610 1564 Pseudo-Lysiae
624 1484 783 1566 epitaphio
795 1487 923 1567 praeter
933 1485 1153 1548 fortitudinem
1170 1503 1298 1567 semper
1309 1487 1347 1548 τὸ
1361 1487 1476 1550 δίκαιον

351 1585 593 1670 praedicatur,³)
617 1586 702 1669 apud
725 1586 893 1650 Platonem
911 1587 1090 1651 Socraticae
1113 1589 1248 1652 virtutes
1266 1588 1477 1670 laudantur4).

352 1690 459 1770 Atque
484 1690 602 1751 summi
624 1691 778 1753 momenti
801 1694 850 1752 est
872 1690 963 1771 scire,
988 1708 1083 1771 quem
1106 1690 1211 1753 locum
1236 1689 1394 1754 Isocrates
1418 1692 1478 1753 vir·

351 1791 475 1854 tutibus
490 1792 523 1854 in
536 1791 774 1856 laudationibus
791 1792 986 1855 attribuerit:
1004 1793 1038 1854 in
1054 1792 1156 1875 prima
1173 1794 1243 1857 eius
1259 1792 1479 1857 laudationum

350 1894 397 1976 (in
421 1893 632 1978 Alcibiadem)
656 1897 808 1958 virtutem
831 1897 887 1957 vix
910 1896 1107 1977 perstringit,
1132 1897 1258 1978 singula
1280 1896 1366 1959 facta
1390 1916 1479 1960 enar·

350 2001 464 2060 rantur
484 2000 598 2078 etipse
618 2017 652 2061 se
669 1997 896 2076 ἐπιτηδεύματα
919 2000 938 2060 i.
952 2017 978 2061 e.
994 1998 1096 2062 facta
1111 1999 1240 2062 laudare
1260 2000 1343 2064 velle
1365 2001 1442 2064 dicit
1449 2001 1478 2078 ⁵).

352 2105 415 2169 Sed
438 2105 501 2167 iam
524 2103 559 2164 in
583 2103 730 2184 sequenti
753 2101 938 2165 laudatione
962 2101 1133 2184 Busiridis,
1162 2121 1244 2185 qnae
1268 2103 1353 2166 intra
1380 2122 1479 2166 annos

352 2211 416 2272 393
435 2209 466 2271 et
482 2207 548 2270 390
562 2205 744 2288 conscripta
756 2208 810 2285 est,
830 2203 1041 2267 cumfactis
1054 2204 1219 2267 virtutes
1233 2205 1433 2287 coniungit⁶)
1450 2209 1480 2269 et

351 2311 386 2375 in
401 2310 568 2392 Euagorae
585 2307 679 2372 laude
696 2326 730 2372 se
742 2309 927 2370 virtutem
939 2307 1104 2390 Euagorae
1116 2307 1301 2389 praedicare
1313 2307 1397 2372 velle
1412 2309 1479 2391 ipse

351 2413 439 2493 dicit,
462 2413 507 2476 ita
529 2413 567 2473 ut
584 2411 670 2474 facta
692 2428 758 2473 non
773 2409 836 2471 nisi
853 2409 1036 2472 testimonia
1054 2410 1126 2490 sint,
1150 2409 1326 2492 exquibus
1345 2411 1480 2474 virtutes

352 2515 629 2597 cognoscanturl).
668 2511 852 2593 Xenophon
881 2511 1020 2594 denique
1049 2512 1212 2594 propriam
1242 2513 1365 2594 partem
1394 2512 1480 2575 laudi

353 2619 509 2680 virtutum
534 2616 635 2694 dedit3
661 2635 742 2698 quae
766 2617 952 2699 compositio
976 2615 1213 2700 Xenophonteo
1235 2616 1373 2680 multum
1397 2617 1479 2701 apud

447 2777 465 2844 ¹)
485 2776 582 2830 Liceat
595 2776 719 2844 singulas
738 2775 768 2829 in
781 2776 899 2844 Gorgiae
917 2775 1060 2843 epitaphio
1073 2777 1190 2830 virtutes
1204 2779 1349 2830 exstantes
1369 2779 1479 2831 afferre:

352 2862 387 2914 τό
407 2864 502 2927 πρᾶον
516 2861 632 2914 ἐπιεικὲ(
650 2865 702 2912 τοθ
723 2861 865 2914 αὐθόδου(
884 2859 992 2913 δικαίου
1007 2860 1211 2928 προκρίνοντεε
1225 2892 1258 2900 -
1273 2863 1480 2928 θεραπεύοντε(

353 2946 575 3009 δυστυχούντων
589 2977 623 2984 -
638 2946 769 2998 αὐθάδει(
788 2947 863 3011 πρό(
882 2947 1040 3012 συμφοράν
1053 2977 1087 2984 -
1104 2947 1257 3014 εὐόργητοι
1276 2949 1350 3013 πρὸ(
1370 2948 1481 3013 πρέπον

354 3061 389 3070 —-
402 3031 515 3095 κόσμιοι
529 3030 567 3084 εἰ(
579 3030 715 3094 κοσμίου(
729 3061 762 3068 -
777 3029 876 3096 σεμνοὶ
889 3033 963 3096 πρό(
978 3031 1061 3084 θεοῦ(
1075 3062 1109 3069 -
1124 3033 1197 3085 dolor
1215 3033 1289 3097 πρό(
1301 3033 1370 3085 τοὺ(
1382 3033 1480 3085 τοκέα(

353 3122 388 3185 τῇ
410 3115 547 3185 θεραπείᾳ
561 3146 595 3154 -
609 3115 710 3169 δίκαιοι
729 3118 803 3181 πρὸ(
821 3121 890 3168 τοῦ(
904 3117 1008 3169 ἀστού(
1021 3147 1055 3154 -
1070 3118 1188 3183 εὐσεβεῖ(
1207 3119 1281 3182 πρό(
1299 3119 1366 3171 τοὺ(
1381 3117 1481 3183 φίλου(

355 3203 386 3255 ἐν
399 3201 498 3255 πίστει.
520 3201 559 3256 cf.
574 3201 661 3255 etiarn
672 3201 830 3255 Aristotelis
847 3200 983 3255 iudicium
996 3203 1074 3270 polit.
1088 3203 1123 3255 ΙΙΙ
1137 3202 1179 3270 13,
1194 3202 1264 3256 1160
1277 3219 1295 3256 a
1308 3204 1354 3256 25:
1376 3204 1481 3269 ἐξαριθ-

356 3292 475 3352 μοθντε(
489 3289 538 3340 τὰ(
552 3288 654 3352 ἀρετὰ(
665 3288 762 3353 ὥσπερ
779 3286 903 3352 [oprtet.
918 3286 958 3340 Cl.
972 3287 995 3340 J.
1010 3287 1200 3341 Duemmler
1213 3288 1305 3342 Herm.
1319 3288 1374 3341 vol.
1388 3287 1481 3343 XXVII
1529 3301 1530 3314 ¹

353 3372 443 3443 (1892)
463 3390 506 3441 pg.
524 3371 585 3426 282.

446 3458 467 3527 ²)
487 3458 582 3526 Suppl.
597 3457 649 3511 857
669 3473 745 3527 seqq.

445 3541 920 3611 Uffissfflffiffiffifflffl

446 3627 467 3695 ⁴)
487 3628 525 3682 cf.
540 3644 582 3696 cp.
597 3628 638 3695 19,
653 3629 695 3682 20.
716 3627 949 3696 Quadripertitae,
970 3643 1042 3696 quae
1061 3627 1171 3695 dieitur,
1190 3627 1301 3681 virtutis
1321 3628 1481 3682 Socraticae

356 3712 477 3781 primurn
498 3714 657 3780 exemplum
677 3713 800 3767 inveniri
818 3713 848 3766 in
871 3712 1002 3781 ‘Septem’
1018 3713 1176 3782 Aeschylea
1194 3715 1291 3766 monet
1308 3712 1339 3766 B.
1352 3714 1422 3782 Keil,
1435 3711 1482 3766 ubi

354 3814 380 3850 v.
395 3796 448 3849 610
466 3796 506 3849 ita
519 3796 721 3865 Amphiaraum
734 3797 857 3851 laudari:
878 3797 1011 3864 σώφρων
1024 3797 1130 3850 δίκαια(
1143 3799 1250 3862 ἀγαθό(
1263 3798 1381 3864 εὐσεβὴ(
1395 3799 1480 3865 ὐνήρ;

354 3881 436 3936 fortis
456 3881 531 3934 enim
551 3882 664 3945 ἀγαθό(

446 3965 468 4033 ⁵)
487 3965 556 4021 Vide
575 3983 661 4034 supra
679 3983 722 4035 pg.
737 3968 779 4020 11.

446 4050 468 4120 ⁶)
487 4051 570 4104 Isocr.
590 4051 654 4104 Bus¹
674 4052 690 4120 §
709 4053 756 4106 10:
777 4053 839 4104 ‘odra
858 4051 903 4106 ἐπὶ
919 4053 1033 4105 τούτοι(
1048 4052 1146 4117 μόνοι(
1161 4053 1219 4118 μέγ’
1234 4053 1404 4123 ἐφρόνη(εν,
1425 4050 1481 4107 ἀλλ’

356 4136 439 4203 ᾠήθη
460 4137 518 4188 δεῖν
538 4134 582 4187 καί
600 4139 651 4202 τῆ(
671 4139 773 4202 ἀρετὴ(
791 4140 843 4203 τῆ(
862 4137 950 4190 αὑτοῦ
972 4139 1111 4203 μνημεῖον
1131 4136 1170 4191 εἰ(
1189 4139 1365 4191 όπαντατόν
1377 4138 1482 4205 χρόνον

355 4221 533 4273 καταλιπεῖν.

449 4305 468 4373 7)
489 4305 528 4359 Cf.
549 4305 632 4373 Euag.
652 4306 669 4373 ἓ
688 4306 735 4360 1οε
756 4306 904 4376 ”<ἀρετὰ(>
923 4308 950 4361 ἐξ
970 4307 1146 4360 αὐτῶντῶν
1167 4309 1261 4374 ἔργων
1282 4309 1383 4376 ῥᾴδιον
1402 4325 1483 4361 κατα·

359 4391 457 4454 μαθεῖν
476 4393 504 4442 et
522 4390 676 4455 τεκμήριον
694 4396 746 4444 τοῦ
765 4392 877 4458 τρόπου
897 4392 942 4446 καῖ
960 4394 1012 4457 τῆ(
1031 4392 1178 4458 δειότητο(
1196 4393 1262 4446 κτλ’.
