3228 5268
252 516 253 520 ἵ
294 449 334 502 De
353 446 480 516 Gregorii
498 445 675 502 Nazianzeni
693 446 868 502 orationihus
887 447 1058 503 funebribus.
1206 444 1249 508 29

120 619 211 683 uobis
234 621 373 685 occurrit
396 620 498 684 τόπο(
521 619 786 702 ἐπιτηδευμάτων,
811 621 867 702 qui
891 622 940 684 est
962 619 1001 684 de
1030 620 1136 702 rebus,
1169 641 1249 704 quas

11 719 13 792 l
121 722 253 804 quisque
267 723 302 784 iu
317 742 377 786 sua
392 722 594 806 professione
611 723 718 804 gessit.
734 723 844 786 Τόπον
860 729 967 786 autem
979 742 1062 805 eum,
1080 743 1178 806 quem
1193 745 1248 788 vo·

119 827 252 889 cavitrd
275 827 352 904 μετὰ
376 827 434 888 τὸν
459 826 608 906 θάνατον,
632 825 697 888 iam
720 824 806 907 apud
824 825 999 889 Isocratem
1021 827 1248 891 inveneramus

118 927 275 1011 (utsupra
289 949 339 1011 pg.
354 929 396 1010 τ),
421 926 623 1009 eundemque
644 927 838 992 Cornificius
858 927 1137 1011 Quintihauusque
1156 949 1248 1013 prae·

117 1031 260 1096 buerunt.

183 1133 1247 1221 HermogenemsequiturPseudo-Dionysius,ouiusseptemde

115 1257 230 1320 genere
245 1238 498 1302 demonstrativo
520 1238 626 1320 cupita
642 1241 715 1302 ante
731 1236 901 1302 Menandri
918 1244 1019 1303 artem
1033 1240 1138 1303 medio
1151 1242 1246 1304 tertio

114 1345 186 1422 post
196 1341 264 1404 Chr.
278 1339 411 1404 saeculo
425 1340 571 1404 confecta
588 1358 658 1404 esse
676 1343 841 1425 constet1).
866 1343 1001 1408 Schema
1013 1347 1121 1406 autem
1133 1343 1246 1426 laudis,

115 1443 199 1525 quod
219 1445 254 1506 in
278 1445 350 1507 eius
375 1442 504 1525 μεθόδῳ
529 1441 705 1521 ἐπιταφίων
728 1444 820 1526 inest,
844 1445 895 1508 his
918 1447 1101 1509 continetur
1124 1447 1244 1511 verbis:

199 1549 310 1625 πατρί(

200 1651 293 1726 γένος

200 1754 289 1832 φύει(
313 1750 460 1836 (εὐφυής)

199 1856 309 1932 ἀγωγή
334 1854 529 1938 (ἀνατροφή,
552 1852 684 1928 παιδεία,
709 1852 947 1938 ἐπιτηδεύματα)

198 1958 326 2039 πράξειε
346 1962 381 2022 et
400 1957 506 2036 ἀρεταί
527 1954 679 2038 (ἀνδρεία,
703 1957 890 2034 όικαιοεύνη,
915 1959 1018 2037 ιοφία,
1043 1957 1154 2023 όποῑο(
1174 1963 1246 2038 περὶ

269 2063 327 2138 τὴν
355 2058 458 2135 πόλιν,
490 2058 602 2121 ὁποῖοι
631 2057 692 2139 ἰδίᾳ
718 2060 789 2137 περὶ
815 2060 855 2122 τὰ
883 2061 1003 2137 ἕκαςτα,
1035 2062 1146 2126 ὁποῖος
1173 2066 1244 2140 περὶ

270 2164 394 2242 φίλους,
419 2163 489 2240 περὶ
514 2159 658 2239 ἐχθρούς,
680 2162 804 2238 γονέας,
829 2162 896 2227 οἷο(
919 2163 952 2228 ἐν
978 2164 1106 2248 ἀρχαῖα).

197 2265 357 2330 Videmus
380 2263 481 2346 igitur
497 2261 836 2345 Pseudo-Dionysium
852 2266 1115 2350 chronologicum
1133 2267 1242 2334 τόπων

111 2368 252 2434 ordinem
272 2389 350 2433 cum
369 2371 447 2430 uota
465 2366 519 2430 illa
537 2367 749 2431 Anaximeuis
770 2367 1015 2450 Stoicorumque
1035 2369 1243 2453 dispositiOue

111 2475 321 2556 coniungere:
348 2491 425 2535 cum
449 2471 536 2534 euim
561 2475 712 2552 quattuor
734 2473 857 2554 priores
880 2473 974 2535 τόποι
998 2477 1244 2556 extemporum

108 2577 227 2640 ratione
253 2574 373 2660 digesti
398 2573 471 2656 siut,
494 2574 579 2638 iacta
602 2574 781 2638 secuudum
804 2576 947 2656 singulas
970 2577 1106 2640 virtutes
1137 2575 1243 2660 dispo·

42 2711 45 2718 ·
108 2680 210 2744 nenda
226 2697 297 2744 esse
314 2677 415 2742 docet
425 2677 540 2740 rhetor.
565 2678 673 2759 Atque
690 2697 727 2741 ea
742 2679 946 2761 potissimum
960 2698 995 2743 re
1009 2680 1087 2744 haec
1100 2678 1243 2744 Pseudo-

106 2782 253 2866 Diouysii
267 2781 466 2845 laudationis
482 2799 556 2864 pars
574 2800 649 2844 cum
665 2780 781 2845 Stoicis
798 2781 954 2865 congruit,
971 2782 1058 2864 quod
1076 2783 1115 2846 ad
1128 2784 1243 2846 horum

106 2887 261 2950 rationem
284 2885 384 2948 docet
408 2881 691 2946 demonstrandum
715 2902 793 2965 esse,
819 2884 978 2966 quomodo
997 2885 1033 2967 is,
1059 2905 1156 2967 quem
1174 2885 1243 2949 lau-

106 2986 177 3053 dare
210 2988 451 3066 constituimus
487 2986 579 3048 bouis
608 2988 752 3049 externis
791 2987 921 3069 (amicis,
961 2988 1136 3051 honoribus
1171 2991 1243 3071 etc.)

107 3111 181 3155 usus
205 3091 255 3154 sit.

190 3193 316 3259 Eadem
341 3191 412 3255 iere
435 3189 600 3274 dispositio
623 3192 788 3255 invenitur
804 3192 889 3274 apud
904 3193 1127 3269 Menandrum,
1147 3193 1243 3256 cuius

106 3297 233 3362 schema
255 3294 457 3359 laudationis
481 3312 578 3376 supra
601 3295 811 3378 exposuimus
835 3299 896 3380 (pg.
914 3280 953 3379 4).
977 3297 1085 3360 Pauca-
1107 3297 1244 3360 mutavit

105 3400 153 3462 vel
167 3397 388 3483 amplificavit
403 3395 457 3458 hic
472 3396 589 3460 rhetor.
613 3395 719 3479 Atque
733 3400 873 3481 primum
889 3399 1018 3481 quidem
1034 3400 1122 3463 vocis
1140 3398 1243 3476 ἐπιτη-

105 3503 239 3582 δεύματα
257 3500 532 3585 significationem
547 3502 697 3580 mutavit3
714 3521 789 3564 uam
800 3501 885 3585 apud
897 3503 1134 3585 Hermogenem
1146 3500 1244 3566 habet

103 3607 164 3670 vim
181 3605 410 3693 professionis
431 3604 515 3687 apud
530 3604 743 3669 Menandrum
764 3605 820 3670 illa
843 3613 919 3670 suut
940 3607 980 3669 τὰ
1004 3607 1080 3671 ἄνευ
1105 3606 1242 3682 ἀγώνων

104 3711 158 3791 ἤθη
175 3713 250 3797 (Rh.
261 3732 309 3795 gr.
321 3709 372 3773 III
383 3710 458 3792 420,
476 3710 515 3771 21
534 3707 606 3792 Sp),
629 3711 649 3772 i.
663 3731 688 3774 e.
704 3729 817 3772 mores.
841 3709 967 3774 Deinde
981 3729 1076 3792 quem
1092 3710 1130 3772 τὰ
1144 3708 1242 3792 ἐκτός,

103 3818 230 3881 vocavit
252 3815 482 3895 Hermogenes
498 3811 609 3893 τόπον,
634 3832 711 3876 eum
725 3818 894 3895 nuncupat
909 3813 962 3876 hio
976 3813 1084 3893 τύχην,
1100 3811 1244 3892 seiungit

104 3927 205 3986 autem
229 3926 268 3984 ut
291 3919 351 3982 ille
375 3915 414 3979 ab
438 3916 498 3978 hac
517 3920 549 3980 et
567 3917 660 3992 γένος
679 3921 711 3979 et
729 3917 882 3979 παιδείαν.
912 3915 1046 3999 Singula
1065 3933 1141 3978 vero
1157 3911 1244 3976 iacta

105 4043 121 4085 a
139 4022 325 4091 Menandro
351 4017 392 4082 ad
414 4018 548 4082 virtutes
572 4018 863 4084 accommodantur.

105 4139 320 4154 -.-,,-....-

188 4185 381 4253 ¹)'Usener‚
401 4177 527 4246 Dionysii
539 4178 740 4247 Halicaruesei,
760 4195 832 4248 quae
846 4179 932 4233 fertur
952 4194 998 4232 ars
1017 4175 1156 4232 rhetorica
1170 4172 1244 4228 1895

104 4271 187 4337 pg25.
208 4272 250 4324 De
262 4263 359 4322 libelli
371 4267 496 4330 tempore
509 4263 543 4317 ci.
553 4265 638 4320 etiam
647 4264 803 4331 Bursian,
811 4253 885 4318 siber
893 4264 947 4317 deu
956 4262 1062 4317 Rhetor
1071 4256 1244 4314 Menandros

103 4352 243 4418 (Abhandl.
261 4353 316 4407 der
337 4349 435 4416 bayer.
455 4348 542 4402 Akad.
560 4350 585 4404 d.
599 4350 770 4405 Wissensch,
790 4347 1009 4402 Philos.·Philol.
1030 4347 1090 4401 Abi.
1110 4341 1169 4396 XVl
1188 4343 1243 4413 26).
