3240 5252
344 552 386 614 50
792 551 912 604 Petrus
931 549 1024 616 Rois,
1384 533 1468 620 [210]
1591 539 1592 546 ’

344 732 440 812 atque
463 731 561 792 uirtus
583 733 626 790 est
654 745 718 789 une
745 724 902 788 altissimis
928 719 1029 804 defiaa
1052 718 1221 798 radicibus,
1252 717 1371 781 deinde
1399 716 1469 797 (alia

342 833 446 898 omnia
461 828 544 906 sunt)
564 829 679 892 caduca
698 845 735 889 ac
754 828 863 906 (cinus
878 824 953 904 uua)
971 842 1141 908 numquam
1159 823 1191 884 ui
1205 821 1272 884 ulla
1292 819 1471 902 labefactari

336 941 447 1020 potest,
478 938 546 995 tum
576 932 652 1013 (alio
681 932 784 994 omnio
814 929 897 1008 suut)
928 926 1052 990 mobilia
1079 929 1111 988 et
1138 926 1250 1004 (uirtus
1278 944 1344 987 uno
1366 922 1469 1007 potest)
1591 899 1592 924 l

342 1057 512 1121 numquam
535 1035 687 1098 demoveri
709 1033 778 1096 loco.
812 1029 934 1092 Eodem
958 1028 1051 1092 modo
1075 1028 1135 1090 hac
1158 1027 1193 1088 in
1214 1025 1359 1089 Oratoris
1383 1043 1468 1107 para·
1591 1075 1592 1080 ,

342 1140 462 1223 grapho
478 1136 604 1200 fluendi
621 1141 653 1199 et
666 1133 796 1198 labendi
812 1131 908 1196 verba
924 1138 960 1194 nt
975 1131 1145 1212 synonima
1160 1129 1356 1193 adhibentur
1367 1145 1467 1209 neque

343 1242 404 1305 aiio
424 1246 520 1323 atque
544 1240 579 1300 in
598 1236 762 1302 Ciceronis
785 1235 886 1318 ipsius
910 1233 1008 1298 Acad.
1025 1233 1044 1296 i.
1060 1232 1085 1312 1,
1102 1235 1160 1295 31:
1185 1235 1375 1296 continenter
1393 1230 1468 1294 labe·

343 1350 454 1408 rentur
480 1349 508 1406 et
532 1341 664 1424 (luerem
690 1341 801 1403 omnia.
839 1337 962 1413 Quibus
991 1335 1031 1400 de
1056 1336 1161 1399 causis
1189 1334 1342 1417 equidem
1371 1337 1468 1395 totum
1591 1379 1592 1392 ,

342 1446 448 1510 locum
482 1443 686 1507 sanissimum
715 1460 785 1506 esse
819 1439 955 1502 arbitror
987 1457 1125 1521 eumque
1157 1438 1278 1502 iniuria
1311 1439 1468 1521 corrigere
1591 1523 1592 1530 ἵ

343 1548 482 1611 voluisse
507 1555 539 1610 et
560 1544 758 1608 Fridericum
784 1547 816 1607 et
838 1541 1080 1605 Baehrensium.

434 1753 521 1833 §12
552 1750 591 1813 in
612 1749 703 1812 libris
722 1766 821 1810 manu
843 1747 969 1829 scriptis
989 1749 1118 1810 exstant
1137 1748 1228 1812 haec:
1256 1749 1317 1813 Sed
1335 1757 1364 1814 et
1381 1750 1471 1814 buius
1591 1721 1592 1770 ἰ

343 1854 499 1937 (Platonis
522 1852 656 1933 scilicet)
678 1858 707 1915 et
729 1851 863 1914 aliorum
886 1849 1136 1934 pbilosophorum
1165 1851 1424 1934 disputationibus
1445 1860 1471 1916 et

343 1960 515 2044 euapitotus
537 1959 670 2020 manime
691 1961 797 2018 orator
818 1960 861 2017 est
878 1960 906 2017 et
924 1953 1067 2031 adiutus;
1092 1957 1190 2017 omnis
1208 1957 1289 2019 enim
1309 1955 1472 2020 ubertaset
1591 1935 1592 1976 ³

344 2063 434 2146 qumi
455 2060 531 2124 silua
553 2058 676 2123 eluendi
698 2059 790 2121 ducta
812 2057 849 2120 ab
872 2057 936 2120 illis
957 2063 1000 2120 est
1022 2078 1075 2120 rue
1098 2059 1173 2121 sotis
1195 2065 1298 2122 tamen
1321 2062 1471 2123 instructa

344 2164 386 2228 ad
408 2162 544 2245 forenses
566 2182 688 2238 ramam
718 2181 805 2244 quas,
834 2165 869 2222 ut
891 2159 939 2224 illi
966 2160 1027 2244 ipsi
1049 2160 1149 2224 dicere
1176 2161 1321 2241 solebant,
1346 2165 1473 2247 apresti·
1591 2163 1592 2172 ’

343 2266 447 2331 oribus
470 2265 571 2328 Musis
592 2264 790 2348 rdiqrurunt.

433 2367 536 2430 Nemo
553 2366 658 2429 adhuc
674 2365 743 2428 istis
763 2363 994 2446 offendebatur,
1014 2366 1160 2447 proxime
1180 2366 1219 2428 ad
1240 2367 1369 2432 codices
1385 2388 1473 2451 para·
1591 2407 1592 2424 2

345 2472 502 2554 graphum
518 2488 628 2533 omnes
645 2467 823 2532 ediderunt.
854 2470 963 2549 Atque
982 2487 1046 2550 qua
1061 2469 1183 2532 ratione
1199 2468 1329 2533 ubertas
1347 2471 1473 2535 dicendi

344 2576 501 2637 instructa
528 2592 594 2634 non
623 2590 692 2634 esse
721 2571 846 2634 dicatur
875 2571 915 2632 ad
944 2589 1055 2634 causas
1082 2570 1241 2653 forenses
1271 2572 1473 2656 interpretari

345 2670 480 2740 conatur
504 2674 680 2754 Sandysius
703 2675 738 2735 in
761 2673 810 2736 ed.
832 2672 976 2735 Cantaba.
993 2693 1061 2756 pag.
1077 2668 1125 2735 14.
1155 2673 1364 2738 Adiectivum
1388 2678 1472 2740 enim

344 2781 513 2843 instructus
527 2777 613 2840 idem
629 2777 698 2840 iere
715 2778 833 2840 sentire
853 2776 945 2839 docet
963 2796 1001 2840 ac
1014 2778 1185 2861 perpolitus
1204 2781 1236 2841 et
1255 2781 1472 2844 testimonium

345 2879 479 2942 advocat
501 2878 550 2943 De
574 2899 617 2942 or.
638 2879 657 2940 l.
674 2879 714 2960 Π,
736 2881 792 2940 54:
823 2879 884 2943 Sed
905 2882 961 2943 iste
983 2883 1046 2963 ipse
1071 2879 1190 2945 Coelius
1212 2903 1308 2966 neque
1332 2884 1472 2948 distiuait

344 2982 505 3046 historiam
521 2985 666 3046 varietate
682 2982 815 3045 locorum
830 3002 925 3066 neque
940 2981 1099 3046 verborum
1115 2983 1304 3049 collocatione
1324 2991 1352 3049 et
1373 2993 1473 3050 tractu

345 3086 493 3150 orationis
520 3086 583 3148 leni
609 3092 636 3148 et
664 3084 816 3169 aequabili
837 3085 1001 3168 perpolivit
1028 3084 1108 3148 illud
1136 3106 1217 3169 opus,
1246 3088 1298 3150 sed
1325 3095 1361 3151 ut
1388 3087 1473 3151 bomo

345 3209 440 3272 neque
467 3188 571 3252 doctus
597 3208 692 3272 neque
717 3190 851 3250 *mamma
877 3193 967 3270 aptus
994 3187 1036 3250 ad
1059 3189 1234 3269 dicendum,
1263 3192 1340 3253 aaut
1362 3193 1472 3274 potuit,

345 3291 466 3354 dotauit.
485 3293 529 3352 At
548 3289 664 3352 dubius
681 3290 805 3370 haereo
821 3308 899 3351 nuni
915 3289 969 3351 tali
987 3307 1084 3352 sensu
1101 3289 1222 3372 aliquid
1239 3290 1302 3355 dici
1314 3295 1416 3374 possit
1427 3297 1474 3357 in·
1591 3285 1592 3324 ³

345 3399 503 3458 structum.
536 3392 669 3456 Accedit
685 3392 787 3454 aliud:
808 3393 945 3473 pessime
961 3410 1019 3474 per
1034 3393 1222 3475 particulam
1238 3401 1342 3459 tomen
1357 3395 1473 3479 opponi

346 3495 426 3558 mihi
449 3495 600 3558 videntur
628 3494 740 3558 verba:
770 3515 831 3558 uon
858 3498 933 3558 satis
959 3498 1110 3559 instructa
1138 3496 1181 3559 ad
1206 3495 1346 3578 forenses
1367 3519 1473 3562 causas
1591 3481 1592 3540 l

346 3597 488 3661 membro
513 3596 599 3678 quod
623 3597 796 3660 antecedit:
826 3600 925 3661 omnis
949 3598 1070 3662 ubertas
1092 3598 1214 3662 dicendi
1236 3599 1329 3663 ducto
1352 3601 1391 3664 ab
1413 3601 1473 3664 illis
1591 3637 1592 3642 κ

346 3707 395 3764 est.
430 3698 500 3774 Qua
522 3718 557 3762 re
585 3705 620 3761 ut
638 3699 803 3780 sententia,
824 3718 904 3780 quae
924 3701 1028 3762 minor
1051 3705 1156 3762 exstet
1173 3702 1208 3763 in
1226 3700 1324 3782 libris,
1348 3704 1473 3784 gravior

347 3802 412 3883 fiat,
436 3800 547 3864 verba:
571 3805 670 3865 omnis
692 3804 773 3866 enim
796 3801 918 3866 ubertas
941 3808 968 3867 et
986 3805 1075 3887 quusi
1091 3802 1167 3866 siloa
1185 3804 1309 3868 dicendi
1327 3805 1419 3868 druto
1436 3805 1471 3868 ob

346 3905 409 3968 iltis
424 3911 467 3967 est
481 3905 516 3966 in
528 3904 710 3986 parenthesi
719 3904 749 3985 ¹),
766 3924 847 3985 quae
865 3904 990 3985 dicitur,
1007 3909 1090 3968 stare
1102 3905 1198 3968 iubeo
1212 3911 1244 3970 et
1259 3906 1410 3970 adiectivi
1425 3910 1470 3971 in·

346 4013 479 4071 structus
491 4006 700 4069 masculinam
712 4006 846 4069 formam
861 4007 1004 4087 restituo,
1021 4026 1117 4088 quam
1132 4005 1172 4070 ad
1188 4013 1348 4072 oratorem
1360 4009 1470 4072 reiero.

347 4107 523 4172 Scribenda
547 4127 621 4190 ergo
646 4114 735 4172 sunt:
767 4108 828 4172 Sed
854 4116 881 4173 et
908 4109 1001 4173 liuius
1022 4116 1050 4173 et
1073 4109 1205 4174 aliorum
1224 4110 1469 4196 pbilosophorum
1591 4187 1592 4204 ἵ

347 4211 605 4294 disputationibus
631 4218 659 4275 et
685 4214 857 4297 aabpitaliu
880 4214 1012 4276 manime
1039 4220 1144 4276 mator
1166 4220 1208 4277 est
1230 4220 1258 4277 et
1280 4215 1407 4278 adiutus
1430 4249 1469 4258 -

347 4315 446 4396 omnis
468 4315 549 4376 enim
573 4313 695 4377 ubertas
717 4321 745 4378 at
768 4317 857 4398 quasi
878 4315 953 4378 siloa
977 4315 1098 4378 dicendi
1120 4315 1213 4379 ductu
1235 4316 1274 4380 ab
1292 4317 1355 4381 illis
1373 4323 1414 4381 est
1429 4351 1467 4359 -

443 4469 462 4536 ²)
481 4467 520 4521 cf.
539 4468 666 4524 cratoris
685 4467 716 4538 §s
734 4446 928 4537 47,162,198.
