3240 5252
148 509 239 595 [237]
598 517 696 571 Studia
713 517 850 574 Tulliana.
1246 519 1285 582 77

148 694 181 754 in
199 712 276 757 eum
298 692 408 774 ipsum
430 708 569 752 errorem
590 689 780 772 inciderunt,
805 711 824 754 a
847 713 910 775 quo
929 694 1136 778 interpolator
1160 713 1214 759 eos
1234 697 1288 760 de-

148 795 284 860 fendere
306 791 468 877 cupiebat.
499 793 614 856 Verbis
638 795 732 876 eninr,
757 802 949 877 quaesunt:
974 819 1044 862 erce
1066 805 1094 862 et
1118 799 1191 864 nrte
1213 797 1288 864 orbe

148 921 215 964 enm
242 918 320 963 cum
347 897 426 979 ipsis
450 900 518 957 turn
547 895 581 957 in
606 901 759 960 contextu
788 903 819 961 et
847 901 1087 963 continuatione
1117 899 1288 965 vorborum

147 1001 241 1066 lectis
266 1000 365 1065 facile
386 997 601 1081 perducimur,
626 1004 662 1062 ut
685 1000 796 1063 eadem
820 1001 873 1064 illa
897 1002 1080 1084 significare
1100 1023 1287 1068 censeamus

148 1126 185 1168 ac
206 1107 321 1189 patria
345 1102 421 1166 orba
443 1123 519 1165 snm.
549 1100 590 1163 Et
613 1103 659 1165 sic
683 1122 721 1166 ea
744 1101 869 1166 Ennius
895 1106 1034 1187 cogitare
1058 1108 1162 1189 potuit
1185 1124 1286 1189 eaque

148 1209 196 1272 sic
221 1205 431 1289 interpretari
454 1203 581 1267 videtur
603 1203 766 1268 Lucienus
790 1203 932 1289 Mueller,
962 1209 1018 1289 qui
1047 1210 1082 1270 in
1106 1227 1164 1273 suo
1188 1193 1286 1273 Ennii

148 1307 384 1376 commentario
409 1306 534 1370 confert
557 1305 687 1370 Caecilii
711 1307 780 1372 illa:
810 1313 864 1394 qni
886 1313 975 1396 qnasi
997 1312 1041 1375 ed
1063 1311 1158 1376 nostes
1180 1319 1287 1397 rapine

147 1415 225 1479 liber
245 1416 344 1478 servio
367 1411 451 1476 selva
471 1410 545 1475 urbe
563 1417 590 1474 et
609 1432 686 1475 erce.
716 1413 759 1474 At
778 1413 805 1474 si
825 1412 937 1476 Cicero
961 1413 993 1476 id
1013 1417 1175 1497 sensisset,
1200 1415 1285 1497 quod

147 1517 237 1581 hunc
256 1516 366 1580 locum
390 1514 512 1596 legenti
527 1515 666 1595 primum
685 1516 720 1576 in
739 1520 879 1577 mentem
899 1517 995 1597 venit,
1019 1515 1080 1580 hoc
1100 1517 1287 1601 exemplum

148 1621 251 1701 alteri,
281 1617 368 1700 quod
397 1623 459 1680 est:
489 1615 651 1681 horridam
674 1616 822 1699 Africum
845 1619 978 1684 terribili
1001 1627 1128 1684 tremere
1151 1623 1285 1685 tnrnnltn

148 1741 314 1807 opponere
350 1741 416 1784 non
447 1719 559 1802 potuit,
595 1720 670 1800 quia
705 1741 770 1782 una
806 1721 982 1804 eademque
1016 1723 1123 1805 figura
1156 1725 1285 1806 utrique

148 1826 279 1890 inesset.
316 1823 467 1887 Exstaret
491 1824 575 1885 eninr
605 1807 801 1903 metonymia
829 1823 993 1905 quaedam,
1022 1844 1085 1906 qua
1112 1832 1287 1907 poneretur

148 1949 222 2012 pars
242 1930 312 2005 (arx
334 1932 366 1990 et
385 1925 471 2005 urbs)
491 1945 548 2007 pro
565 1930 629 1988 toto
646 1925 769 2008 (patria)
788 1933 820 1990 et
838 1927 869 1988 id
888 1927 973 2009 quod
991 1930 1133 1992 continet
1151 1929 1285 2012 (Africa)

148 2051 206 2116 pro
231 2051 269 2095 eo
295 2028 383 2111 quod
408 2029 591 2091 continetur
613 2029 751 2109 (Afrae.

238 2131 454 2216 interpolator
473 2135 580 2194 autem
600 2132 783 2194 acutissime
810 2132 871 2194 hoc
896 2135 1061 2215 cognovit:
1088 2133 1208 2215 Cicero,
1228 2136 1285 2214 qui

148 2237 247 2302 altero
261 2237 392 2300 demum
408 2233 555 2316 exemplo
568 2233 740 2314 (horridum
753 2234 911 2316 Africam)
928 2236 1100 2319 explanare
1113 2237 1189 2318 vult,
1206 2236 1285 2316 quid

148 2343 190 2404 sit
213 2342 338 2406 verbnm
362 2345 518 2422 snrnptnm
537 2358 574 2400 ee
593 2337 698 2422 ntique
717 2359 751 2401 re
769 2341 966 2423 consequenti,
991 2339 1080 2420 prius
1100 2339 1285 2421 exemplum

149 2443 209 2507 hoc
227 2443 324 2506 modo
341 2440 545 2522 interpretari
565 2460 628 2502 non
645 2441 756 2523 potuit.
776 2439 879 2503 Immo
896 2443 1001 2524 priore
1018 2441 1166 2525 exemplo
1184 2441 1284 2525 docet,

148 2566 228 2628 quae
253 2548 319 2609 sint
343 2544 433 2608 verba
457 2544 610 2607 translate
632 2565 689 2628 per
711 2545 946 2608 similitudinem
970 2545 1007 2608 ol>
1030 2547 1095 2610 olio
1119 2567 1165 2627 re,
1190 2545 1284 2609 cuius

67 2684 72 2692 ·
140 2649 271 2732 figurae
287 2649 323 2711 in
336 2647 385 2710 De
399 2667 441 2710 or.
454 2646 473 2708 l.
486 2643 543 2726 III,
559 2647 621 2708 166
635 2665 679 2727 sq.
692 2647 771 2710 haec
784 2648 837 2709 dat
853 2647 1015 2731 exempla:
1030 2649 1129 2734 lepnnz
1142 2649 1283 2732 habenae,

146 2755 272 2838 imperii
295 2755 412 2836 inynrn,
438 2749 577 2814 mollitur
604 2772 697 2814 nure.
737 2750 813 2812 Vult
835 2752 935 2833 igitur
963 2770 1049 2833 eum,
1074 2753 1130 2834 qui
1154 2771 1283 2816 versum

148 2855 334 2920 Ennianum
362 2853 453 2936 legit,
485 2854 624 2934 cogitare
654 2853 692 2916 de
720 2853 873 2934 Hectore,
897 2854 1142 2918 Andromachae
1169 2860 1282 2918 necato

148 2961 296 3041 coniuge,
329 2956 385 3039 qui
414 2957 509 3017 rivus
533 2961 647 3017 natura
670 2960 702 3018 et
730 2975 837 3018 amore
861 2957 972 3018 uxoris
1001 2975 1077 3020 suae
1105 2957 1221 3036 luerat,
1247 2963 1283 3020 ut

146 3063 312 3146 aitpoeta,
333 3080 392 3122 arx
416 3063 447 3122 et
467 3057 543 3120 urbs
553 3059 590 3138 2).
616 3059 722 3139 Atque
741 3063 778 3120 ut
802 3057 840 3121 de
864 3058 919 3121 illo
939 3060 1067 3141 cogites,
1087 3070 1194 3123 monet
1211 3059 1281 3142 ipse

146 3163 270 3228 Tullius
295 3201 338 3208 -
362 3181 469 3243 neque
498 3161 595 3242 aliqui
624 3161 838 3244 interpolator,
867 3162 970 3243 qualis
998 3162 1060 3225 hoc
1087 3161 1157 3225 loco
1185 3179 1281 3226 nemo

147 3264 401 3351 deprehenditur
424 3302 464 3308 —
497 3263 575 3326 colis
605 3263 729 3326 duobus
758 3263 829 3345 illis,
859 3284 941 3346 quae
971 3265 1030 3328 hac
1058 3270 1159 3328 aetate
1189 3267 1281 3329 tineis

145 3371 321 3434 includunt
345 3367 490 3431 editores.

240 3503 259 3570 ¹)
279 3501 321 3555 Cl.
335 3471 406 3554 Vest.
423 3500 483 3566 153,
503 3499 551 3552 ubi
565 3499 714 3568 legendum
728 3503 784 3553 est:
806 3500 973 3566 Metonymin
986 3502 1019 3552 ab
1039 3518 1067 3554 ee
1080 3503 1152 3568 qnod
1164 3503 1280 3554 continet

146 3590 176 3640 id
188 3587 262 3658 quod
275 3588 444 3651 continetur;
459 3585 551 3638 Schol.
565 3585 665 3638 Veron.
680 3585 716 3638 ad
729 3585 807 3653 Verg.
819 3585 886 3638 Aen.
900 3585 920 3652 l,
936 3586 964 3651 1;
980 3585 1036 3639 Cic.
1051 3585 1090 3638 De
1105 3602 1144 3639 or.
1158 3586 1200 3653 Ill,
1216 3586 1279 3639 167:

147 3673 275 3726 Cererem
284 3688 341 3740 pro
353 3671 493 3739 feneitas,
507 3669 638 3722 Liberem
651 3672 793 3738 appellare
805 3688 858 3738 pro
876 3675 945 3739 eino,
960 3671 1119 3738 Neptunum
1131 3675 1280 3739 perornari,

147 3761 256 3812 curiam
273 3773 329 3826 pro
341 3763 447 3823 senatu,
467 3771 592 3823 eampum
601 3771 656 3824 pro
670 3757 794 3821 comitiis,
813 3764 903 3823 tepent
918 3773 1059 3825 propone,
1078 3774 1158 3809 arma
1176 3774 1208 3809 nc
1226 3759 1280 3809 lain

142 3860 197 3912 pro
210 3846 288 3897 bello.
310 3844 388 3910 Quae
402 3847 529 3896 extrema
542 3841 597 3894 duo
612 3843 741 3909 exempla
754 3841 862 3895 addidit
873 3842 979 3896 Tullius
993 3844 1120 3912 cogitans
1134 3843 1168 3896 de
1178 3845 1279 3910 poetae

146 3930 202 3984 illis
221 3927 331 3984 ver-bis:
353 3929 448 3980 eedem
467 3933 652 3994 armatoque,
672 3943 744 3995 quae
760 3927 857 3980 laudal
879 3926 909 3978 in
928 3942 967 3979 or.
987 3927 1017 3982 in
1036 3927 1089 3980 Pis.
1109 3926 1195 3980 habit.
1216 3927 1279 3994 §73

147 4015 222 4069 etin
243 4014 283 4067 De
304 4015 349 4066 oll.
369 4013 387 4078 l.
405 4013 423 4079 l,
439 4011 480 4065 77.

237 4097 260 4168 ')
280 4097 321 4152 Cl.
335 4097 433 4166 Odyss.
447 4111 465 4160 γ
477 4096 529 4150 411
543 4095 683 4151 Dindorl.:
696 4097 811 4162 Νέετωρ
826 4095 861 4148 αὖ
874 4095 933 4148 τότ’
948 4097 1178 4164 deiicientem,
1191 4098 1279 4163 οὐροε

146 4181 279 4248 Ἀχαῐων.
293 4182 372 4236 ovid.
388 4183 501 4236 Heroid.
516 4182 535 4247 l,
550 4182 602 4235 109
621 4197 661 4250 sq.
682 4183 868 4251 Sedlmayer:
889 4181 945 4233 Nec
962 4184 1033 4235 mihi
1051 4190 1115 4235 eunt
1133 4185 1205 4234 eires
1223 4185 1278 4235 ini-

146 4271 228 4324 micos
241 4269 349 4338 pellere
366 4269 442 4320 tectis
449 4285 459 4318 .·
475 4265 478 4337 l
499 4273 530 4319 tn
549 4271 631 4320 citine
650 4271 751 4335 ventae,
766 4274 866 4335 portus
885 4274 909 4319 et
924 4285 978 4319 nra
995 4271 1060 4322 tnta.
1080 4271 1193 4323 Festum
1210 4281 1277 4336 quo·

146 4370 198 4424 que
217 4357 295 4409 hunc
315 4353 399 4406 Ennii
416 4369 530 4406 versum
551 4354 650 4407 eodem
666 4353 750 4407 modo
766 4353 944 4420 interpretari
959 4369 1014 4423 quo
1033 4355 1132 4409 Cicero
1151 4357 1228 4422 petet
1245 4369 1278 4407 ex

144 4457 206 4510 pag.
221 4441 287 4494 182:
309 4439 377 4491 orba
395 4439 471 4507 apud
486 4445 583 4506 poetas
600 4440 777 4507 eipnificatur
791 4441 905 4506 privata
925 4439 1022 4506 aliqua
1031 4457 1153 4509 persona
1172 4456 1246 4492 cera.
