3240 5258
357 483 399 544 76
793 488 904 541 Xaver
922 487 1040 554 Htirth,

353 659 391 723 τὸ
402 663 506 736 πρᾶον
520 658 556 722 G.
564 659 615 722 24.
631 659 716 722 Eum
729 658 768 722 de
780 658 939 722 industria
950 658 1085 721 formam
1094 659 1234 723 Atticam
1247 658 1400 723 adhibere
1412 658 1484 722 inde

354 763 494 845 apparet,
507 761 592 846 quod
604 761 631 825 B
643 764 695 842 73,
712 761 768 843 qui
780 761 868 825 locus
880 762 1075 844 compositus
1088 767 1137 826 est
1148 762 1188 825 ad
1199 762 1366 827 Psalmum
1381 764 1450 844 131,
1465 765 1481 825 1

354 864 474 927 Psalmi
491 883 603 927 vocem
619 865 759 942 πραΰτης
774 865 956 928 immutavit
969 864 1004 926 in
1023 865 1163 944 πραότης
1178 864 1211 946 (S
1226 865 1276 928 HI
1293 867 1345 948 27,
1369 865 1418 927 IV
1434 866 1484 946 23,

356 969 437 1042 584;
462 966 594 1032 Ordnert
610 969 674 1032 290
695 969 765 1032 adn.
787 969 827 1049 2).

446 1069 622 1153 Secundae,
647 1090 729 1152 quae
744 1073 884 1154 vocatur,
905 1071 1030 1136 Atticae
1050 1071 1272 1135 declinationis
1297 1073 1376 1134 sunt
1391 1091 1485 1136 voces

354 1175 450 1237 ἵλεως
466 1172 490 1236 C
504 1175 544 1236 21
560 1176 591 1238 et
606 1173 777 1252 ὑπόχρεων
790 1174 818 1238 G
830 1177 870 1238 41
886 1175 963 1256 (non
978 1175 1127 1254 ὑπόχρεω
1142 1173 1275 1239 Ordnert
1290 1175 1353 1238 165
1367 1174 1483 1256 adul).

447 1275 540 1352 Quod
568 1277 698 1340 nomina
728 1275 886 1340 secundae
919 1275 1141 1340 declinationis
1173 1280 1337 1341 contracta
1367 1277 1485 1356 attinet,

356 1383 485 1442 exstant
512 1379 572 1443 hae
600 1380 735 1443 formae:
766 1382 845 1443 νοῦς
872 1378 968 1460 Β13,
999 1381 1080 1441 νοῦν
1104 1377 1199 1459 619,
1228 1377 1324 1459 Β11,
1356 1380 1406 1455 14,
1435 1379 1484 1460 65,

359 1482 416 1562 69,
445 1487 492 1563 νῷ
522 1481 603 1546 617
634 1484 776 1565 (καθαρῷ
794 1487 842 1565 νῷ
863 1483 1008 1569 καθαρὰν
1037 1482 1096 1557 τήν
1121 1480 1269 1557 ἀλήθειαν
1300 1482 1393 1562 κτλ),
1430 1480 1485 1544 sed

358 1585 409 1647 voi
432 1582 496 1645 64
520 1585 576 1667 (τῷ
599 1587 717 1666 πρώτῳ
741 1584 790 1646 καὶ
813 1581 1028 1663 καθαρωτάτῳ
1053 1582 1129 1662 νοΐ),
1154 1601 1237 1665 quae
1263 1581 1367 1646 forma
1392 1584 1486 1646 etiam

357 1687 391 1749 in
411 1706 458 1770 ep.
472 1686 513 1749 23
531 1688 658 1750 cratin
675 1685 868 1769 Gorgoniam
886 1685 1050 1748 invenitur
1064 1683 1098 1765 (S
1113 1684 1160 1746 IV
1181 1686 1254 1766 586,
1271 1684 1407 1749 Crdnert
1424 1686 1485 1748 166

357 1788 430 1852 adn.
448 1789 493 1869 1),
518 1825 560 1833 ——
586 1787 687 1852 ὀςτῶν
712 1787 837 1865 6211).
862 1823 902 1832 -
928 1786 1061 1850 ςύννουν
1081 1786 1108 1849 Β
1126 1789 1184 1865 77,
1210 1787 1360 1866 ἀγχίνους
1383 1787 1485 1865 Β17,

339 1889 476 1981 Ιχρυςᾶς
498 1891 525 1954 Β
544 1892 634 1972 147),
663 1889 791 1954 ἁπλοῦν
815 1890 914 1970 627,
937 1887 965 1952 Β
984 1890 1041 1966 17,
1071 1891 1203 1952 διπλοῦν
1232 1889 1335 1968 Β72,
1367 1889 1486 1954 ἄπνους

357 1994 385 2057 Β
403 1996 453 2057 78.
477 1993 607 2058 Formas
619 2011 694 2057 vero
710 2013 776 2057 non
789 1994 966 2056 contractas
979 1990 1097 2055 habent
1113 2011 1207 2056 voces
1223 1991 1392 2071 οἰνοχόους
1409 1991 1485 2056 619

357 2095 504 2179 (Orlinert
529 2097 591 2159 166
616 2096 687 2160 adn.
707 2098 739 2178 3)
763 2101 795 2160 et
817 2095 949 2174 ἔμπνοοι
971 2094 999 2157 B
1017 2095 1044 2156 5.

448 2199 630 2262 Atticorum
647 2218 739 2262 usum
759 2203 889 2263 secutus
908 2197 1107 2260 substantiva
1129 2198 1163 2260 in
1182 2197 1248 2262 -εύς
1267 2198 1485 2261 accusativum

357 2302 438 2387 plur.
459 2307 568 2366 utrum
586 2302 810 2365 terminatione
828 2301 898 2364 -ἑας
912 2299 1103 2362 instruxerit
1117 2319 1158 2362 an
1174 2300 1331 2363 sermonis
1347 2299 1487 2382 vulgaris
1593 2319 1594 2324 ¹

358 2405 615 2469 terminationem
646 2409 704 2468 -εῑς
735 2403 914 2484 adsciverit
947 2401 1081 2465 dubium
1115 2404 1178 2465 est:
1213 2401 1269 2465 illa
1302 2402 1424 2485 legitur
1453 2403 1486 2464 in

357 2508 459 2584 ἱερέας
482 2506 564 2569 636
582 2511 614 2570 et
629 2508 769 2586 βαςιλὲας
786 2505 814 2568 Β
832 2507 883 2587 54,
900 2507 961 2584 73,
986 2505 1067 2568 haec
1084 2505 1119 2566 in
1139 2507 1267 2584 βαςιλεῑς
1286 2503 1311 2568 C
1329 2507 1380 2587 14,
1399 2507 1438 2568 19
1456 2510 1487 2570 et

358 2610 513 2688 ἀρχιερεῖς
537 2609 632 2672 612.
657 2607 812 2690 Synesius
836 2625 963 2692 semper
985 2607 1245 2671 terminationem
1264 2607 1333 2671 -ἑας
1357 2607 1488 2691 praebet

358 2711 412 2793 (Fr
428 2713 479 2792 29,
503 2711 524 2775 S
540 2712 588 2775 IV
605 2713 678 2792 587,
702 2709 836 2774 Ordnert
853 2710 936 2792 173).

450 2813 626 2877 Genetivus
641 2810 773 2895 pluralis
790 2811 1063 2874 substantivorum
1077 2811 1225 2875 neutrius
1240 2811 1370 2894 generis
1389 2813 1424 2874 in
1438 2831 1488 2875 -ος

359 2935 487 2998 semper
503 2920 684 2980 contractus
696 2918 823 2997 praeter
839 2914 964 2977 ἀνθέων
984 2912 1008 2976 O
1023 2915 1072 2977 16.
1095 2913 1268 2998 Gregorius
1280 2914 1381 2996 igitur
1395 2915 1487 2999 plane

164 3091 168 3100 ,
288 3040 290 3046 ’
358 3020 639 3102 grammaticorum
648 3017 793 3101 regulam
802 3017 958 3099 sequitur,
971 3037 1036 3099 qua
1052 3018 1177 3082 ἀνθέων
1190 3018 1335 3082 contrahi
1347 3021 1486 3096 vetatur,

257 3135 261 3146 '
360 3123 399 3188 cf.
416 3123 523 3186 Thom.
541 3121 623 3204 Mag.
650 3123 678 3204 1,
696 3124 724 3203 9,
748 3121 874 3204 aliaque
890 3121 1074 3185 testimonia
1087 3119 1225 3183 Fritzius
1241 3121 1319 3183 citat
1341 3121 1403 3203 (pg.
1421 3121 1486 3201 30),

360 3226 496 3291 eandem
505 3224 644 3288 formam
650 3228 808 3307 usurpant
819 3225 914 3287 etiam
926 3223 1090 3305 Aelianus,
1103 3222 1323 3305 Philostratus,
1334 3222 1487 3305 Synesius

358 3329 392 3410 (S
405 3328 455 3391 IlI
472 3330 523 3410 21,
542 3327 590 3390 IV
608 3329 666 3405 17,
691 3326 826 3390 Ordnert
843 3327 926 3407 172).

449 3432 664 3496 Accusativus
687 3430 767 3516 plur.
786 3430 975 3494 substantiv.
999 3430 1112 3492 tertiae
1136 3427 1358 3492 declinationis
1381 3429 1416 3490 in
1438 3447 1487 3491 -nc

360 3535 456 3599 habet
480 3554 587 3599 veram
614 3536 748 3598 formam
777 3533 874 3611 ἄρκυς
902 3532 928 3595 B
950 3533 991 3595 23
1015 3531 1192 3614 (amaa,
1216 3531 1263 3593 IV
1281 3532 1339 3610 19,
1367 3531 1410 3595 Fr
1429 3532 1486 3608 29,

361 3639 496 3702 Ordnert
515 3641 554 3700 17
559 3639 599 3720 4).

451 3745 552 3806 κλεῖς
574 3740 706 3823 praebet
728 3737 900 3803 accusativ.
923 3737 1003 3819 plur.
1021 3739 1101 3800 κλεῖς
1116 3735 1144 3798 Β
1161 3735 1212 3818 76,
1237 3736 1387 3816 sequitur
1414 3754 1486 3817 ergo

359 3844 640 3927 grammaticorum
655 3846 825 3927 praecepta
839 3840 891 3923 (cl.
904 3839 1011 3903 Thom.
1024 3837 1135 3921 Magi,
1151 3839 1186 3901 in
1198 3837 1228 3902 N
1229 3837 1261 3900 Τ.
1274 3855 1401 3922 semper
1413 3841 1486 3901 κλεῖ-

361 3950 420 4009 δας
431 3951 558 4028 praeter
568 3965 671 4007 unum
681 3945 788 4009 locum
800 3946 869 4007 Act.
881 3944 941 4025 Ap.
954 3941 1008 4023 (Fr
1023 3942 1074 4022 30,
1094 3940 1115 4005 S
1127 3941 1174 4003 IV
1188 3941 1239 4021 21,
1256 3938 1391 4003 Crdnert
1404 3940 1486 4017 179).

456 4086 473 4152 ι)
493 4087 608 4156 ὀςτὲων,
637 4087 712 4155 quod
738 4085 810 4139 1341
837 4083 945 4152 legitur,
974 4085 1116 4151 sumptum
1136 4084 1179 4134 est
1203 4097 1218 4134 e
1240 4080 1401 4134 Proverbiis
1428 4081 1484 4135 Vet.

361 4171 483 4225 Testem.
503 4171 563 4225 XIV
581 4171 630 4225 30:
651 4172 709 4238 “ςὴς
732 4170 839 4223 δςτέων
865 4167 967 4234 καρδία
985 4167 1149 4234 αἰςθητική.’
1175 4165 1324 4243 Gregorius
1343 4166 1484 4234 Nysscnus

361 4260 390 4310 et
410 4257 478 4308 ὀςτα
496 4254 582 4309 habet
607 4255 707 4324 (Migne
730 4255 759 4309 P.
774 4256 804 4310 G.
823 4255 859 4309 46
878 4271 920 4323 pg.
941 4253 1003 4322 361)
1022 4256 1049 4306 et
1073 4253 1156 4305 ὀςτέα
1179 4253 1279 4320 (Mignc
1298 4252 1334 4306 46
1353 4269 1396 4321 pg.
1417 4251 1484 4318 357).

452 4339 472 4409 ²)
492 4339 590 4392 Soluta
615 4339 706 4394 forma
730 4340 849 4405 xpectat
872 4338 958 4405 1320,
977 4353 1036 4392 non
1055 4353 1090 4391 ex
1108 4354 1161 4391 usu
1186 4339 1237 4402 τῆς
1263 4339 1369 4403 κοινῆς,
1396 4335 1445 4390 sed
1470 4350 1484 4386 e

363 4423 477 4478 Pindari
496 4423 604 4491 Olymp.
618 4423 681 4478 Vll
702 4427 813 4491 sumpta
833 4426 883 4490 cst,
902 4426 934 4476 ut
953 4424 1101 4476 contextus
1120 4422 1210 4476 docet.
