3240 5252
149 403 233 490 [205]
405 479 406 482 Ἴ
584 415 681 470 Studia
700 417 837 472 Tulliana.
1232 420 1275 482 45

148 611 226 674 quae
256 591 318 658 sub
351 588 464 655 oeulos
491 609 556 652 non
583 587 715 670 cadunt,
747 590 915 654 referenda
945 591 1010 655 siut
1040 593 1080 658 ad
1109 594 1155 676 id,
1189 597 1277 678 quod

4 756 5 759 ,
148 695 203 758 sub
237 694 350 758 oculos
387 713 452 758 uon
486 691 585 774 eadit,
621 690 661 756 ad
693 692 799 758 ideam
826 694 992 776 videlieet,
1026 697 1105 778 quid
1134 699 1275 782 attineat,

18 836 26 888 i
146 803 300 879 quantum
313 797 480 876 intersit1).
497 795 598 858 Immo
611 815 686 858 vero
699 802 727 860 et
739 795 871 862 Phidiae
882 799 1065 881 simulacri}
1078 801 1187 886 quibus
1196 802 1276 868 nitu

29 914 33 935 ¹
144 904 177 967 iu
199 902 255 965 illo
273 921 387 987 qaum
400 898 573 984 *perfeeto-s,
596 899 731 964 ridemus
752 907 780 963 et
804 902 841 964 iis
858 902 1001 985 picturis,
1024 924 1100 987 quae
1118 907 1277 971 uomiuuoi

25 1018 27 1060 r
144 1004 378 1070 -simulacra
402 1008 434 1068 et
451 1004 593 1085 picturae
612 1001 798 1077 subuculas
814 1003 947 1070 eadunt!
965 1041 1007 1050 -
1024 1009 1159 1091 roqitaro
1173 1013 1276 1072 tomen

22 1119 24 1129 ⁵
138 1127 302 1192 possumus
327 1106 512 1192 poletrum
540 1141 582 1150 -
612 1124 695 1186 quae
726 1106 785 1174 sub
816 1106 927 1170 oculos
956 1124 1022 1174 non
1053 1110 1180 1174 endunt
1215 1111 1276 1176 Illa

144 1215 259 1292 autern,
286 1229 369 1294 quae
393 1209 453 1292 sub
478 1207 590 1274 oeulos
606 1206 733 1288 eadunt,
753 1208 924 1274 simulacra
939 1210 1062 1276 seilicet
1077 1218 1109 1276 et
1123 1213 1279 1297 picturae,-

143 1313 255 1379 reterri
279 1312 320 1378 ad
344 1313 426 1379 haee
448 1311 639 1394 pulchriora,
664 1330 745 1392 quae
765 1311 901 1394 cogitari
917 1320 1060 1396 possunt
1084 1314 1143 1380 sub
1164 1294 1279 1381 oeulos'

16 1485 17 1488 Ἴ
144 1434 207 1482 aon
231 1415 361 1496 oaduut,
386 1413 497 1481 Oieero
522 1413 600 1482 dioit
623 1414 711 1482 hisee
734 1414 856 1480 verbis:
886 1415 951 1482 Nea
978 1439 1050 1482 aare
1074 1419 1125 1484 au
1147 1420 1274 1503 urtiflu

15 1503 17 1518 l
144 1540 210 1583 rum
240 1518 359 1600 fucaret
384 1517 466 1582 looi'e
494 1517 632 1600 formam
661 1523 717 1582 au
740 1517 902 1588 Miratroua
931 1519 990 1599 (als
1020 1539 1057 1586 er
1087 1521 1138 1586 die
1170 1521 1275 1589 ideale

144 1621 352 1704 Vorstellung
374 1640 439 1684 von
456 1621 476 1684 J
480 1621 583 1704 upiter
601 1619 670 1684 und
687 1618 836 1687 Minerva
856 1622 891 1686 in
915 1622 967 1688 die
984 1623 1212 1708 Erseheiuung
1233 1647 1275 1690 uu

144 1724 280 1807 bringen
308 1725 435 1806 suehte)
461 1725 721 1810 contemplabatur
748 1727 888 1812 aliquam,
916 1749 932 1791 e
959 1749 1017 1813 quo
1039 1731 1274 1798 similitudinem

144 1829 272 1909 duceret,
288 1829 345 1894 aad
356 1830 455 1912 ipsius
468 1830 504 1892 iu
514 1834 612 1894 meula
622 1827 772 1892 iinidabot
783 1831 891 1912 specus
897 1830 1145 1914 pulchritudinis
1160 1837 1275 1900 enimin

144 1932 302 2016 quaedam,
327 1952 422 2020 quum
444 1933 566 1996 iuturus
588 1933 624 1996 iu
645 1952 738 2016 mque
760 1930 881 2013 datiano,
900 1933 943 1996 ud
957 1933 1042 2000 illiue
1057 1933 1135 2015 (soil.
1151 1935 1276 2001 termae

144 2033 237 2116 Iovia,
261 2053 327 2097 non
351 2033 612 2116 pulohritudiuis)
639 2034 874 2100 umuuuuem
896 2041 996 2100 uitem
1019 2043 1200 2105 otmarum
1222 2040 1273 2104 do-

144 2137 266 2222 riqohut.
301 2136 340 2206 Id
369 2141 432 2202 est:
464 2135 550 2200 Iovis
582 2143 614 2202 at
642 2135 807 2200 Minervae
835 2137 1007 2202 simulacra
1033 2175 1076 2186 —-
1101 2159 1183 2220 quae
1211 2143 1272 2205 sub

145 2239 252 2304 oeulos
277 2239 398 2304 uadunt
421 2275 463 2284 -
487 2241 638 2304 revocata
661 2239 801 2302 suntad
824 2259 969 2302 normam
992 2241 1110 2323 speciei
1130 2241 1273 2324 pulchri-

145 2343 265 2407 tudinis
280 2380 323 2388 —
343 2361 425 2424 quae
448 2344 482 2404 in
505 2347 614 2406 mente
637 2346 763 2407 tantum
785 2342 905 2405 insidet
919 2343 1060 2423 artifieio,
1085 2344 1144 2408 sub
1162 2344 1275 2414 oeulos

144 2464 205 2508 non
235 2446 327 2514 eadit
364 2445 449 2528 Ergo
474 2464 551 2509 vera
575 2463 644 2508 esse
668 2445 748 2507 mihi
771 2444 900 2508 videtur
922 2445 1150 2529 interpretatio,
1176 2467 1272 2528 quam

143 2546 275 2614 huiusne
301 2548 390 2612 modi
412 2549 546 2631 pretulit
568 2547 701 2612 Iahnius
724 2547 758 2608 in
782 2547 830 2612 ed.
853 2547 903 2610 alt.
927 2567 996 2630 pag.
1014 2549 1072 2610 38:
1103 2547 1190 2634 ‘quoe
1216 2551 1272 2614 nih

142 2651 238 2717 uuor
252 2651 383 2716 eadunt:
409 2650 473 2732 dar,
490 2669 555 2714 was
571 2649 628 2714 der
644 2649 797 2714 Ktinstler
812 2649 875 2715 den
891 2649 1013 2714 Sinnen
1029 2651 1273 2718 wahruehmbar

142 2752 375 2836 herrorbringt,
400 2753 510 2818 iridem,
525 2773 559 2818 er
574 2755 663 2818 selue
678 2752 882 2835 Darstellung
896 2752 952 2819 aut
975 2751 1031 2816 das
1047 2771 1110 2814 nur
1125 2753 1183 2816 mit
1198 2752 1272 2818 dem

144 2854 231 2925 Geist
258 2877 300 2920 nu
328 2855 513 2926 erlasseude
536 2855 780 2920 Vollkomruene
803 2855 929 2918 richtet
965 2854 1097 2918 Ciceros
1118 2853 1300 2922 Godanke'
1361 2912 1363 2916 ,

141 2958 198 3040 ist:
227 2959 266 3022 Iu
295 2959 355 3023 der
383 2958 557 3022 bildeudeu
580 2957 687 3023 Kunst
715 2959 774 3021 uie
802 2958 837 3020 iu
861 2957 918 3020 der
941 2957 1180 3024 Beredaamlreit
1202 2960 1271 3041 gibt

143 3081 176 3126 es
199 3064 251 3128 ein
274 3062 444 3142 Hdnhstee‚
468 3062 682 3144 VolleudeteS,
710 3062 766 3125 das
794 3063 829 3126 in
857 3062 913 3125 der
929 3061 1154 3126 Wirlrliehlroit
1182 3063 1272 3126 nieht

142 3167 294 3247 existiert,
326 3165 467 3230 sondern
495 3186 558 3230 nur
584 3167 619 3229 iu
648 3166 705 3230 der
728 3165 819 3230 Seele
848 3165 905 3228 des
926 3163 1096 3228 Kiiuetlers
1119 3164 1272 3249 lebendig

141 3269 189 3352 ist,
216 3271 359 3336 welcher
387 3268 573 3339 demselbeu
600 3269 703 3333 durch
732 3269 783 3332 die
806 3267 1040 3333 kunstleriselre
1064 3266 1272 3354 Darstellung

140 3373 190 3440 die
213 3376 376 3440 sinnliohe
392 3373 544 3438 Existenz
560 3394 601 3437 zu
615 3373 719 3456 geben
735 3372 876 3438 bestrebt
891 3371 950 3436 ist’.
977 3371 1038 3447 Qui
1053 3371 1152 3453 igitur
1168 3376 1270 3435 atten-

140 3478 221 3546 derit
243 3481 391 3550 animum
415 3476 455 3542 ad
478 3497 523 3559 en,
549 3497 630 3558 quae
651 3475 828 3559 explanavi,
846 3473 1007 3554 concedet,
1025 3491 1127 3554 spere,
1143 3473 1271 3540 nullum

139 3601 207 3648 esse
232 3584 286 3648 hie
309 3581 421 3646 locum
442 3581 615 3664 negationi.
638 3581 752 3662 Itaque
774 3580 838 3644 iam
862 3578 937 3641 olim
958 3575 1121 3656 Victorius
1143 3577 1179 3640 in
1195 3577 1270 3643 Var.

136 3684 206 3750 leet.
221 3685 283 3766 XI,
303 3685 347 3752 14
377 3681 496 3748 deleuit
524 3702 594 3747 eam
621 3685 668 3746 siu
696 3684 923 3764 interpretatus
950 3679 1073 3744 looum:
1104 3679 1191 3765 ‘quur
1214 3683 1270 3747 suh

135 3793 232 3858 oculor
249 3794 319 3877 uisu
335 3788 460 3869 eadunt
476 3788 510 3855 id
526 3794 575 3852 est
590 3789 629 3852 τὰ
645 3787 754 3868 ὁρατά,
770 3786 956 3851 referuntur
971 3784 1012 3848 ad·
1027 3786 1167 3866 speeiem
1182 3785 1271 3850 illam

136 3897 316 3980 cogitatam,
343 3891 438 3954 euius
461 3891 531 3972 ipsa
554 3896 716 3973 tamquam
739 3891 844 3972 imago
869 3891 959 3952 sunt:
989 3889 1159 3968 cogitatam
1183 3891 1269 3953 enim

149 4015 354 4030 -..-.--—-

130 4062 230 4121 Graeci
252 4061 352 4126 Ζητεῖν
378 4055 482 4110 dicunt.
507 4053 692 4109 Conseruntur
711 4052 756 4106 Or.
772 4053 842 4122 2263
862 4055 936 4107 Brut.
955 4051 1021 4118 2173
1042 4053 1081 4105 De
1101 4052 1147 4106 fin.
1168 4053 1199 4120 ΙΙ,
1220 4054 1268 4122 13;

127 4146 202 4208 Verr.
218 4151 265 4216 ΙΙΙ,
280 4147 335 4211 ΙΙ7;
357 4141 447 4196 Taciti
460 4142 549 4210 Agric.
563 4141 613 4208 403
629 4138 721 4195 Ovidii
738 4139 801 4194 Met.
817 4142 848 4209 ΙΙ,
862 4140 928 4206 239;
948 4136 1048 4192 Tibulli
1068 4137 1225 4207 1.11,3‚26.

220 4238 240 4308 ¹)
260 4231 365 4289 Simile
379 4227 513 4297 quiddam
525 4225 632 4280 occurit
641 4223 764 4278 Pideritii
776 4225 900 4293 opinioni
920 4225 949 4277 in
959 4222 1023 4276 Eois
1038 4222 1092 4276 vel.
1106 4223 1126 4290 I,
1138 4223 1191 4280 401
1208 4241 1268 4295 sqq.

120 4324 276 4398 expositae
298 4321 330 4372 et
349 4313 464 4368 Nixonii
483 4329 500 4366 a
520 4310 658 4380 Sandysio
677 4309 707 4362 in
720 4308 790 4363 edit.
812 4310 942 4364 Cantabr.
962 4324 1023 4377 pag.
1038 4308 1070 4361 11
1091 4309 1206 4364 relatae.
