3240 5252
359 453 401 515 66
811 458 930 512 Petrus
949 457 1042 524 Reis,
1400 449 1484 533 [226]

359 631 461 694 doctis
485 631 646 710 dissentio,
672 630 755 710 quod
780 630 1029 712 reprehensione
1054 630 1180 693 duobus
1205 630 1312 694 verbis
1337 649 1486 712 expressa

360 735 455 796 etiam
486 733 763 797 confirmationem
795 732 920 795 duobus
952 732 1057 796 verbis
1093 734 1250 797 inclusam
1284 733 1487 810 dosider03a

359 837 499 920 Sauppio
509 835 719 916 Kayseroque
732 835 772 898 ob
785 854 855 898 eam
867 854 996 916 quoque
1010 855 1146 917 causam,
1158 835 1246 916 quod
1256 836 1295 898 de
1309 836 1487 898 narratione

359 940 439 1001 nihil
459 938 664 1002 adiciendum
684 957 753 1001 esse
774 944 860 1020 puto.
890 939 1003 1020 Itaque
1022 940 1091 1021 ipse
1110 939 1259 1002 lacunam
1279 939 1368 1002 hisce
1385 939 1488 1001 verbis

359 1042 491 1124 explere
510 1041 622 1104 velim:
648 1041 840 1125 confirmabit
862 1063 919 1105 area
940 1049 966 1105 et
985 1042 1159 1121 illustrabit,
1185 1061 1268 1122 quae
1289 1047 1398 1104 utrum
1418 1047 1488 1104 ante

360 1164 472 1208 vocem
495 1144 667 1228 infirmabit
691 1165 731 1206 au
755 1149 826 1226 post
844 1147 1002 1208 contrarie
1021 1144 1256 1226 interponenda
1276 1146 1349 1226 sint,
1375 1145 1488 1207 dubius

359 1249 483 1310 haereo
506 1247 712 1310 Confirmatio
729 1248 814 1309 enim
834 1249 907 1309 ante
923 1247 1203 1329 reprehensionem
1222 1249 1385 1310 nominari
1405 1249 1489 1330 solet,

359 1350 416 1414 sed
435 1350 515 1412 alter
538 1369 668 1430 quoque
688 1349 764 1412 ordo
785 1349 948 1412 interdum
967 1350 1138 1430 invenitur,
1163 1356 1199 1411 ut
1216 1349 1265 1413 De
1291 1371 1335 1413 or.
1352 1351 1394 1433 II,
1413 1353 1487 1414 33'1:

358 1461 387 1517 et
398 1453 599 1534 infirmandis
610 1455 775 1516 contrariis
786 1459 814 1516 et
828 1455 892 1517 sais
903 1452 1130 1535 confirmandis.
1151 1453 1191 1515 Et
1206 1473 1281 1516 oum
1294 1459 1368 1535 post
1379 1474 1489 1518 vocem

360 1576 442 1636 quae
460 1561 508 1618 est
522 1559 680 1620 contrarie
697 1555 759 1618 alia
771 1573 899 1636 quoque
913 1555 1115 1618 intercidisse
1131 1557 1238 1618 statim
1251 1555 1490 1639 cognoscamus

360 1678 458 1720 unam
476 1677 572 1738 quam
585 1657 664 1720 duas
679 1658 810 1721 lacunas
826 1658 879 1720 hic
895 1661 1021 1720 exstare
1040 1658 1120 1720 cralo
1134 1659 1264 1722 credere
1280 1679 1318 1722 ac
1335 1661 1488 1724 scrihere:

360 1782 487 1846 cnmqne
505 1764 625 1824 animos
647 1764 753 1844 prima
771 1763 961 1845 oppressione
980 1764 1175 1844 occuparerit,
1199 1762 1374 1845 infirmabit
1392 1765 1490 1827 ercin-

360 1864 497 1948 eatque)
521 1866 688 1943 contraria,
707 1859 925 1944 <confirmabit
948 1885 1005 1928 sne
1028 1871 1055 1928 et
1078 1864 1268 1929 illustrabit>
1289 1884 1316 1928 e.
1330 1884 1359 1946 q.
1374 1885 1397 1928 s.

451 1965 504 2028 Sic
522 1965 637 2046 verbis
656 1984 737 2046 quae
754 1965 794 2028 de
814 1967 1087 2048 argumentatione
1105 1972 1188 2048 suut,
1206 1968 1365 2030 restitutis
1385 1973 1490 2048 restat,

361 2074 397 2131 ut
421 2069 460 2132 dc
492 2069 693 2150 peroratione
725 2087 854 2150 quoque
886 2069 992 2150 aliqua
1021 2068 1223 2132 inducantur.
1257 2070 1308 2132 Ac
1333 2070 1490 2154 Sauppius

361 2172 492 2253 quidem
508 2171 548 2234 de
564 2171 765 2253 peroratione
785 2174 856 2253 post
877 2173 989 2236 leviora
1006 2172 1160 2252 quaedam
1186 2173 1347 2237 excidisse
1365 2175 1492 2257 collegit

361 2293 403 2337 ex
435 2273 577 2336 Oratoris
602 2277 620 2354 ξ
645 2275 716 2356 122,
742 2293 838 2355 quam
861 2274 955 2338 liceat
979 2275 1110 2338 afferre:
1146 2276 1230 2355 Quid
1251 2279 1333 2340 enim
1363 2281 1428 2342 iem
1452 2300 1491 2342 se-

360 2380 476 2462 qnitur,
501 2378 582 2462 praed
601 2377 722 2461 qnidam
747 2380 825 2441 artis
844 2381 891 2458 sit,
909 2379 1093 2444 nisiorctiri
1109 2382 1287 2460 orationem,
1306 2383 1341 2443 in
1362 2402 1422 2465 qno
1439 2387 1492 2444 ant

359 2481 537 2544 coricilietnr
567 2481 694 2544 auditor
723 2487 779 2544 ant
809 2483 949 2565 eripatnr
975 2488 1031 2545 ant
1054 2488 1148 2565 paret
1175 2502 1205 2545 se
1227 2483 1270 2546 ad
1296 2483 1489 2560 discendnm

361 2604 426 2646 rem
446 2583 575 2646 breviter
597 2603 744 2666 exponere
767 2590 795 2646 et
812 2583 1013 2666 probabiliter
1036 2591 1064 2647 et
1086 2591 1197 2668 aperte,
1222 2591 1256 2648 at
1279 2587 1357 2669 qaid
1380 2592 1491 2670 apator

361 2686 497 2770 inteilepi
508 2689 615 2769 possit3
633 2707 689 2749 sna
706 2685 895 2768 confirmare,
912 2687 1092 2750 adrierseria
1107 2693 1245 2767 euertere,
1264 2709 1359 2772 ecque
1375 2688 1491 2770 efficere

362 2809 425 2852 non
443 2789 631 2872 pertnrbote,
654 2790 707 2853 sed
725 2790 854 2872 sinpntis
871 2790 1187 2872 arpnmentationibns
1204 2793 1249 2853 ita
1268 2791 1490 2870 concludendas,

361 2899 397 2955 nt
408 2891 567 2974 efficietur
582 2892 662 2976 qnod
673 2895 713 2956 sit
727 2912 906 2976 consequens
921 2895 961 2956 iis
976 2914 1053 2977 qnae
1068 2896 1267 2971 animantem)
1284 2895 1327 2957 ad
1343 2915 1491 2978 quamque

362 2994 715 3077 renr'confirmandam3
743 3002 813 3078 past
842 2999 946 3059 omnia
975 2997 1092 3076 <in>³l
1115 3000 1344 3080 perorationem
1370 2997 1490 3080 inflem-

362 3105 496 3162 mantem
513 3101 780 3183 restinpnentemee
797 3099 994 3162 concludere?
1019 3100 1063 3161 At
1085 3100 1209 3179 praeter
1233 3099 1368 3161 omissas
1387 3118 1491 3182 repre·

363 3201 551 3262 hensionem
576 3205 607 3262 et
622 3201 856 3282 perorationem
871 3201 932 3263 alia
956 3220 1085 3282 quoque
1102 3219 1137 3263 re
1154 3200 1310 3264 ostendor.
1335 3201 1489 3265 Desidero

363 3305 449 3366 enim
473 3307 568 3383 atque
594 3322 722 3382 (puaero,
752 3304 855 3367 utrius
879 3304 1008 3367 tandem
1031 3304 1068 3368 de
1089 3303 1276 3387 firmissimis
1304 3310 1412 3368 orator
1434 3305 1492 3368 alia

362 3406 467 3488 prima
478 3425 606 3488 ponere,
619 3406 680 3468 alia
696 3409 864 3488 postrema,
880 3407 1064 3488 levioraque
1080 3407 1243 3469 inculcare
1259 3407 1384 3470 debeat.
1409 3407 1492 3470 Num

363 3507 546 3588 adversarii,
560 3510 710 3590 quoniam
722 3510 817 3590 paulo
826 3515 900 3573 autc
913 3510 952 3572 de
966 3511 1132 3573 contrariis
1145 3509 1273 3572 locutus
1287 3515 1336 3572 est
1347 3510 1491 3573 Tullius?

362 3611 465 3673 Immo
490 3611 664 3674 adversarii
688 3611 727 3674 dc
750 3611 923 3675 levissimis
947 3631 1023 3675 vere
1047 3619 1153 3675 orator
1175 3611 1236 3674 alia
1259 3612 1365 3693 prima
1388 3617 1490 3694 ponet,

362 3713 424 3776 alia
447 3720 615 3795 postrema,
643 3715 850 3796 tirmioraque
874 3715 1056 3778 inculcabit.
1090 3713 1156 3777 Sua
1177 3714 1282 3797 ipsius
1306 3720 1494 3796 argumenta

355 3837 401 3881 *eo
422 3817 532 3880 ordine
550 3817 725 3900 distribuet,
751 3838 846 3900 quem
863 3819 946 3882 dixit
961 3818 1090 3880 Tullius
1114 3817 1227 3900 Itaque
1249 3824 1323 3882 ante
1341 3818 1493 3882 vocabula

363 3921 400 3983 ele
420 3919 608 4002 firmissimis
635 3921 837 3985 intercidisse
866 3922 1023 4003 quaedam
1053 3921 1174 4002 opinor,
1205 3940 1287 4002 quae
1311 3921 1398 3985 haud
1420 3922 1493 3985 satis

356 4102 361 4111 »
457 4067 474 4134 ¹)
494 4066 549 4120 Cur
568 4067 655 4121 Bakio
681 4072 796 4121 auctore
823 4067 902 4120 verbi
926 4067 1001 4136 quod
1025 4071 1067 4120 est
1091 4069 1235 4120 metabere
1258 4069 1321 4122 loco
1346 4067 1493 4122 inducatur

363 4151 511 4219 eiectatque,
526 4169 613 4206 causa
626 4169 684 4206 non
702 4157 753 4220 est,
768 4169 831 4206 cum
844 4155 988 4206 excludere
1005 4152 1051 4206 hic
1065 4151 1139 4206 idem
1155 4154 1258 4207 sentiat
1276 4154 1351 4223 quod
1369 4153 1398 4206 in
1415 4152 1431 4222 ξ
1445 4152 1493 4206 122

363 4243 487 4289 evertere.

455 4321 475 4386 ²)
493 4322 631 4375 Praesens
649 4327 759 4390 tempus
773 4321 905 4376 Friderici
918 4323 1025 4390 (Philol.
1038 4321 1082 4390 44,
1093 4320 1156 4390 682)
1175 4323 1254 4376 iussu
1273 4339 1308 4376 ex
1326 4323 1348 4376 A
1367 4291 1466 4390 recepi.

455 4406 475 4474 ³)
494 4407 572 4460 Hane
591 4407 773 4474 Heerdegenii
793 4407 984 4461 coniecturam
1002 4406 1121 4474 probare
1142 4423 1201 4459 non
1219 4406 1325 4460 dubito,
