3228 5268
337 485 377 538 De
395 483 519 554 Gregorii
536 481 713 537 Nazianzeni
731 485 906 541 orationibus
925 485 1097 542 funebribus.
1236 485 1279 550 33

131 675 345 738 unaquaque
376 675 417 720 ex
438 657 502 720 illis
532 655 644 718 habita
673 654 721 718 sit
759 657 867 739 Atque
897 659 1015 722 summi
1043 662 1199 726 momenti
1228 666 1280 728 est

131 758 222 822 scire
247 758 444 822 Christianis
466 759 553 822 illius
577 757 691 821 aetatis
714 764 817 823 certos
841 759 910 824 dies
930 763 1143 844 praescriptos
1167 762 1277 848 fuisse,

130 861 260 941 quibus
278 863 466 926 memoriam
482 866 684 924 mortuorum
706 862 892 927 recolerent
923 861 1175 930 constitutiones
1190 869 1277 950 Apo·

131 964 299 1027 stolorum
312 964 401 1028 enim
412 963 572 1047 dicunt1):
586 964 789 1029 ‘larrelelceur
803 968 839 1029 δὲ
849 967 955 1046 τρίτα
965 971 1031 1030 τῶν
1043 970 1276 1048 κεκοιμημένων

132 1067 169 1130 ἐν
195 1071 347 1145 ψαλμοῑε
371 1069 419 1131 καὶ
442 1067 644 1145 ἀναγνώμαει
667 1069 716 1131 καὶ
738 1073 925 1148 προτευχαῑε
949 1070 1001 1132 διὰ
1023 1071 1081 1134 τὸν
1104 1071 1156 1135 διὰ
1179 1077 1275 1149 τριῶν

130 1169 270 1248 ἡμερῶν
297 1171 467 1248 ἐγερθέντα
482 1172 532 1233 καὶ
553 1171 665 1234 ἔνατα
686 1171 728 1234 εἰ(
750 1171 921 1250 ὑπόμνητιν
943 1177 1009 1237 τῶν
1030 1173 1210 1251 περιόντων
1226 1176 1276 1238 καὶ

130 1277 202 1336 τῶν
219 1274 460 1351 κεκοιμημένων
481 1274 530 1336 καὶ
544 1275 819 1351 τεεεαρακοττὰ
842 1275 921 1337 κατὰ
940 1277 996 1340 τὸν
1017 1275 1153 1340 παλαιὸν
1173 1274 1275 1340 τύπον

130 1375 273 1458 (Μωτῆν
297 1376 363 1453 γὰρ
388 1372 491 1439 odiost
516 1375 534 1438 ὁ
557 1377 635 1439 λαὸε
658 1375 818 1458 ἐπένθηεε)
841 1378 891 1439 καὶ
915 1376 1079 1441 ἐνιαύτια
1102 1378 1177 1441 κτλ’.
1212 1376 1275 1453 Qui

130 1495 215 1540 usus
239 1477 307 1540 iam
331 1477 417 1560 apud
440 1482 565 1541 veteres
581 1477 722 1542 Graecos
744 1477 814 1560 fuit,
840 1480 896 1560 qui
919 1498 958 1543 ea
979 1498 1014 1544 re
1031 1480 1099 1543 sola
1116 1479 1274 1543 differunt

131 1579 173 1642 ab
198 1580 262 1643 hac
286 1579 425 1644 solemni
441 1578 695 1644 Christianorum
710 1580 829 1662 regula,
853 1580 941 1662 quod
956 1601 1014 1664 pro
1030 1581 1272 1665 quadragesimo

131 1682 222 1746 diem
235 1682 442 1746 tricesimum
449 1682 630 1764 colebam).
640 1681 759 1745 Tamen
767 1681 965 1747 Christianos
973 1702 1103 1765 quoque
1111 1683 1272 1748 tricesimo

132 1785 187 1850 die
209 1789 286 1869 post
304 1789 442 1848 mortem
460 1783 511 1848 vel
522 1789 596 1868 post
612 1783 810 1866 sepulturam
829 1785 983 1850 solemnia
1001 1787 1151 1852 funebria
1168 1788 1273 1870 egisse

131 1889 242 1954 Bauer
264 1892 358 1952 recto
383 1887 614 1951 demonstravit
622 1889 661 1970 8):
687 1905 765 1950 usus
788 1889 900 1971 regula
922 1890 1043 1954 fortior.

224 1993 291 2060 Sed
314 1994 381 2057 iam
404 1992 596 2057 accedamus
618 1992 659 2057 ad
681 1993 824 2076 singulas
847 1995 1016 2058 orationes

324 2228 362 2291 A.
394 2224 536 2290 Oratio
566 2227 607 2288 in
637 2224 873 2290 Caesarium
906 2225 1086 2289 fratrem.

462 2331 572 2401 (Migne,
586 2329 615 2384 P.
623 2332 654 2387 G.
667 2331 722 2387 vol.
736 2332 779 2401 35,
798 2331 851 2386 755
865 2330 951 2400 seqq.)

308 2445 337 2506 1.
368 2439 439 2518 Quo
467 2445 611 2523 tempore
634 2445 667 2503 et
688 2440 759 2505 loco
783 2442 883 2505 oratio
913 2440 1021 2504 habita
1049 2441 1099 2504 sit.

222 2567 278 2634 Ad
297 2571 425 2650 tempus
445 2565 542 2627 huius
561 2565 713 2628 orationis
729 2563 949 2629 definiendum
970 2565 1166 2650 investigare
1188 2584 1271 2648 opus

134 2678 188 2755 est,
221 2691 289 2754 quo
319 2690 404 2734 anno
429 2668 598 2734 Caesarius
622 2673 767 2732 mortuus
791 2670 839 2732 sit
868 2668 931 2734 Sed
955 2688 1030 2733 cum
1054 2669 1095 2734 de
1120 2669 1269 2734 Caesario

133 2783 261 2842 veteres
291 2776 464 2858 scriptores
492 2773 573 2836 nihil
595 2773 664 2838 fere
687 2773 882 2854 tradiderint
911 2791 952 2835 ex
976 2791 1042 2834 una
1064 2777 1174 2837 nostra
1198 2791 1268 2835 ora-

134 2881 228 2962 tione,
261 2879 321 2961 qui
351 2879 437 2942 vitae
468 2879 539 2942 eius
568 2875 641 2940 fons
671 2876 963 2960 praestantissimus
994 2879 1056 2958 est,
1095 2875 1271 2940 terminum

135 2983 345 3047 enucleemus
368 2999 503 3045 necesse
528 2980 616 3061 est4).

221 3085 336 3166 Atque
361 3083 503 3166 primum
528 3082 658 3165 quidem
681 3101 723 3146 ex
747 3084 889 3146 oratione
916 3083 986 3166 ipsa
1010 3082 1165 3148 discimus
1190 3079 1270 3146 an-

134 3188 255 3250 sarium
282 3188 358 3269 post
385 3185 505 3248 Iuliani
534 3204 648 3249 necem
669 3186 733 3249 ie.
755 3190 828 3268 post
857 3203 979 3247 annum
1009 3185 1073 3247 363
1105 3187 1270 3248 mortuum

134 3308 202 3354 esse
233 3290 295 3372 (ep.
315 3289 377 3370 14).
420 3287 502 3350 Cum
531 3291 639 3351 autem
667 3292 738 3371 post
770 3292 948 3353 enarratam
977 3285 1097 3350 Iuliani
1131 3288 1269 3352 mortem

133 3407 352 3417 ——--—·—

225 3449 247 3520 ¹)
266 3447 315 3502 Ed.
335 3447 364 3500 Ρ.
385 3447 423 3502 de
442 3445 594 3516 Lagarde
611 3463 655 3517 μμ.
665 3447 726 3502 276.

223 3533 246 3604 ¹)
266 3533 296 3586 E.
315 3532 446 3600 Rohde,
466 3531 593 3601 Psyche*
611 3535 623 3587 Ι
641 3533 703 3589 232.

223 3618 246 3687 ³)
265 3617 289 3670 J.
308 3617 420 3670 Bauer
439 3617 456 3670 l.
471 3632 495 3671 c.
513 3632 558 3686 με.
568 3617 603 3670 32
613 3633 690 3687 seqq.

222 3703 245 3773 ⁴)
266 3702 307 3756 De
335 3700 462 3757 Caesarii
488 3702 548 3756 rita
576 3704 609 3758 cf.
636 3704 735 3772 Greg.
760 3701 932 3758 Nazianz.
961 3716 1047 3756 carm.
1077 3701 1111 3756 de
1137 3699 1185 3753 vit.
1212 3715 1267 3756 sua

133 3787 234 3857 (ldigne
252 3787 297 3855 37,
318 3786 390 3842 1030
410 3785 499 3856 seqq.)
507 3804 514 3853 ;
547 3803 632 3843 carm.
657 3788 691 3842 de
721 3787 864 3842 ren-suis
892 3785 993 3855 (Migne
1018 3786 1062 3856 37,
1093 3783 1171 3852 970);
1205 3785 1266 3852 epi-

133 3875 291 3941 grammata
309 3871 399 3926 6-21
418 3869 519 3940 (Migne
532 3872 576 3940 38,
596 3873 631 3928 14
640 3873 743 3944 seqq‚);
767 3872 877 3941 epistul.
890 3873 916 3941 7,
936 3870 978 3938 14,
998 3870 1043 3938 20,
1065 3870 1115 3936 ra;
1138 3866 1265 3923 Basilii

133 3958 242 4026 epistul.
261 3958 298 4011 26
323 3956 427 4027 (Migne
450 3957 494 4026 32,
513 3957 592 4028 301),
621 3958 748 4012 Suidas
778 3975 804 4012 ν.
831 3956 992 4022 Καιτοριοτ,
1023 3954 1166 4009 Photius
1195 3951 1264 4008 bibl.

133 4044 192 4099 cod.
206 4045 270 4100 210.
296 4071 333 4082 -
352 4042 550 4111 Tillemont,
569 4045 652 4097 mem.
676 4042 776 4096 eccles.
789 4041 826 4094 IX
848 4039 901 4093 375
921 4055 997 4109 seqq.
1016 4069 1053 4078 -
1072 4032 1263 4106 Fabricius,

131 4129 261 4186 Biblioth.
285 4129 331 4185 Gr.
349 4129 409 4184 11111
427 4127 496 4195 435,
516 4157 550 4166 -
568 4127 723 4184 Louvard
748 4126 779 4181 in
797 4123 930 4193 ‘Monito’,
954 4123 1030 4193 quod
1050 4123 1117 4180 huic
1140 4118 1265 4176 orationi

131 4217 320 4285 praemissum
339 4212 443 4283 (Migne
462 4211 505 4280 35,
525 4213 586 4282 751,
606 4219 634 4268 et
652 4212 696 4280 38,
715 4212 794 4282 751),
820 4239 855 4250 -
873 4209 1045 4278 Ullmann,
1071 4223 1146 4277 oper.
1165 4203 1220 4257 vol.
1239 4203 1264 4260 V

131 4302 233 4374 Gregor
257 4321 285 4358 v.
305 4299 431 4355 Nazianz
456 4297 481 4350 2.
496 4296 564 4352 Aufl.
581 4300 665 4366 1867;
685 4328 719 4338 -
738 4295 844 4352 Seeck
866 4293 896 4347 in
914 4294 1155 4364 Pauly-wissowe
1176 4288 1265 4344 Real·

127 4387 281 4460 llncyolop.
304 4384 358 4439 vol.
369 4383 396 4450 3,
411 4381 489 4436 1298.

179 4509 233 4565 xn,
249 4509 270 4554 1.
1134 4480 1152 4534 3
