3228 5268
341 471 386 535 40
779 475 890 530 Xaver
907 475 1026 542 litirth,

430 650 613 728 ’Expopot
630 647 748 730 Magna
759 665 875 730 pompa
887 646 956 710 eius
968 665 1040 710 ossa
1052 645 1092 709 ad
1103 647 1280 709 sacrarium
1292 650 1466 728 martyrum

341 750 481 816 deducta
499 769 580 833 esse,
599 769 674 815 cum
692 753 819 813 caterva
836 767 1035 832 prosequens
1055 749 1192 830 hymnos
1209 752 1340 812 caneret
1355 753 1468 812 mater-

340 871 405 935 que
427 851 552 915 luctum
574 850 751 935 psalmodia
773 849 899 914 sedaret
922 852 982 932 (cp.
1001 852 1061 934 15).

428 956 706 1034 Προςφάινηςις
729 952 788 1035 (ad.
812 954 999 1036 mortuum):

428 1057 498 1120 Iam
520 1056 696 1138 alloquitur
717 1062 823 1120 orator
839 1056 1023 1121 Caesarium
1045 1059 1150 1142 ipsum
1168 1058 1262 1141 eique
1283 1058 1380 1122 offert
1402 1059 1468 1123 lau-

340 1161 518 1227 dationem:
543 1162 604 1224 hoc
627 1180 723 1224 suum
746 1161 896 1242 ἐντάφιον
914 1181 991 1244 esse,
1011 1163 1073 1226 hoc
1088 1167 1311 1227 ornamentum
1329 1163 1467 1228 Caesarii

339 1267 549 1349 aptissimum,
569 1263 656 1346 qnod
676 1265 789 1328 ceteris
808 1268 1011 1348 ornamentis
1035 1270 1073 1329 ut
1090 1265 1234 1329 restibus
1254 1267 1374 1348 sericis,
1398 1267 1468 1332 telis

338 1369 488 1434 mollibus
503 1376 537 1433 et
551 1367 860 1451 circumfluentibus,
872 1371 1020 1453 pretiosis
1033 1370 1092 1432 lini
1101 1369 1238 1432 texturis
1248 1370 1329 1434 oleis
1342 1373 1469 1436 coronis

338 1472 475 1536 floribus
499 1471 725 1537 certaminibus
751 1472 922 1554 praeierat,
946 1491 1028 1554 quae
1055 1473 1179 1554 pagani,
1202 1473 1324 1554 patriae
1347 1473 1411 1556 legi
1438 1476 1469 1537 et

339 1576 454 1640 stolido
466 1577 601 1641 maerori
612 1577 720 1660 potius
731 1575 905 1640 servientes
922 1595 1018 1658 quam
1029 1577 1154 1658 rationi,
1167 1577 1301 1640 mortuis
1314 1577 1468 1642 offerrent

339 1678 443 1762 (νόμῳ
462 1679 582 1761 πατρίῳ
599 1681 717 1755 μάλλον
741 1681 791 1742 καὶ
807 1679 916 1762 ἀλογίᾳ
931 1678 1055 1744 πάθους
1070 1680 1088 1756 ἢ
1105 1679 1192 1763 λόγῳ
1212 1681 1429 1764 δουλεύοντες)
1437 1683 1467 1764 1).

340 1780 442 1845 Suum
470 1781 590 1844 donum
619 1781 701 1844 hanc
731 1781 946 1846 laudationem
974 1801 1052 1865 esse,
1082 1801 1177 1866 quam
1205 1781 1341 1848 fortasse
1373 1785 1467 1848 etiam

338 1885 531 1967 posteriores
550 1889 669 1948 aetates
686 1889 877 1967 excepturos
896 1904 984 1964 esse3
1009 1887 1116 1948 omnia
1138 1885 1193 1948 illa
1214 1885 1300 1950 bona
1323 1905 1394 1951 esse
1417 1907 1468 1951 ea-

339 1985 430 2067 doca,
443 2005 534 2049 suam
546 1991 652 2050 autem
663 1988 837 2051 orationem
850 1988 988 2070 posteris
999 2006 1116 2052 nomen
1127 1986 1267 2051 Caesarii
1279 1988 1468 2053 traditorem

339 2107 423 2171 esse,
450 2094 487 2151 ut
511 2090 581 2152 eius
604 2091 758 2152 memoria
779 2110 946 2173 nunquam
968 2096 1077 2173 pereat
1103 2093 1274 2176 (op.16)⁹).
1315 2092 1379 2157 Sed
1402 2114 1467 2158 non

340 2211 557 2220 —————-

432 2257 451 2328 1)
471 2256 510 2311 cf.
531 2257 648 2311 Rohde
667 2258 776 2326 Psyche
796 2257 823 2309 1¹
842 2274 867 2326 p.
879 2257 940 2310 234.

430 2343 450 2412 ²)
468 2342 643 2397 Laudatione
662 2343 708 2396 vel
727 2346 828 2411 poetae
846 2344 892 2396 vel
911 2342 1032 2396 oratoris
1051 2343 1216 2398 memoriam
1228 2349 1404 2400 mortuorum
1416 2347 1465 2400 im-

338 2427 488 2481 mortalem
507 2427 568 2481 fieri
588 2427 745 2481 communia
765 2431 808 2481 est
825 2427 998 2481 Graecorum
1020 2428 1176 2495 sententia;
1201 2429 1234 2482 cf.
1254 2429 1395 2485 Pindari
1419 2447 1464 2485 en-

339 2511 424 2566 comii
443 2512 521 2580 frgm.
536 2511 588 2565 121
608 2511 731 2580 (Bergklz

499 2598 602 2662 πρέπει
622 2598 646 2651 δ’
661 2599 777 2651 έςλοῑςιν
795 2599 939 2662 ὑμνεῑςθαι
953 2640 958 2652 .
974 2639 1000 2652 ..
1020 2597 1174 2652 καλλίςταις
1193 2595 1309 2653 ἀοιδοῖς.

499 2685 587 2732 τοῦτο
606 2681 661 2745 γάρ
682 2677 835 2734 ἀθανάτοις
853 2683 944 2746 τιμαῖς
964 2682 1117 2747 ποτιψαύει
1138 2683 1227 2746 μόνον

501 2766 590 2829 ῥηθέν
610 2766 707 2832 ςθένει,
729 2766 838 2819 θνάςκει
858 2767 889 2819 δέ
908 2768 1020 2830 ςιγαθέν
1040 2768 1127 2820 καλὸν
1146 2767 1240 2832 ἔργον.

338 2846 444 2901 Eadem
464 2849 605 2902 sententia
623 2847 765 2903 invenitur
784 2851 859 2919 apud
879 2852 1065 2905 Isocratem
1084 2851 1179 2921 (Euag.
1197 2849 1263 2919 gl),
1277 2849 1352 2918 apud
1366 2850 1464 2904 Liba·

338 2931 431 2985 nium
449 2931 580 3002 (epitaph.
595 2935 624 2987 in
637 2934 734 2990 Iulian.
745 2935 761 3003 ἕ
774 2933 801 3003 3)
816 2936 934 3005 aliisque
947 2937 977 2991 in
994 2937 1151 3006 epitaphiis.
1176 2935 1215 2990 Cf.
1227 2936 1305 3004 Grag.
1316 2936 1385 2990 Naz.
1396 2940 1463 2990 orat.

338 3017 369 3071 in
382 3017 551 3086 Gergouiam
571 3021 655 3088 cp.2:
676 3021 772 3084 λόγου
792 3023 823 3075 δέ
843 3024 1075 3089 ἀποςτεροῢντες,
1096 3023 1111 3075 ὃ
1132 3023 1251 3075 πάντων
1272 3023 1388 3088 μάλιςτα
1405 3025 1465 3075 τοῖς

339 3105 457 3167 ἀγαθοῖς
477 3105 549 3158 ἐςτιν
569 3107 759 3171 ὀφειλόμενον
779 3107 824 3160 καὶ
840 3103 925 3176 ᾧτὴν
940 3110 1053 3176 μνήμην
1067 3109 1102 3160 ἂν
1116 3107 1212 3160 αὐτοῖς
1226 3104 1370 3160 ἀθάνατον
1385 3123 1464 3160 κατα-

339 3189 504 3255 ςτήςαιμεν’.
527 3189 569 3243 Ad
583 3190 708 3259 Gregorii
720 3193 807 3246 rerba
826 3191 877 3262 (cp.
890 3194 949 3264 16):
969 3195 1064 3248 ‘rouro
1086 3210 1135 3263 ςοι,
1157 3193 1291 3261 Καιςάριε,
1311 3193 1379 3259 παρ’
1394 3193 1463 3258 ἐμοῦ

338 3274 372 3326 τὸ
393 3273 538 3343 ἐντάφιον,
560 3274 641 3328 αὗται
653 3281 713 3328 τῶν
733 3278 811 3343 ἐμῶν
831 3279 926 3343 λόγων
946 3279 974 3333 αἱ
991 3279 1113 3346 ἀπαρχαὶ
1125 3323 1130 3334 .
1144 3322 1165 3333 ..
1187 3278 1272 3331 οὗτος
1285 3280 1301 3330 ά
1315 3280 1383 3344 παρ’
1395 3279 1463 3343 ἐμοῦ

339 3357 443 3422 κάςμος
457 3400 463 3410 .
478 3399 483 3410 .
499 3399 504 3410 .
522 3360 556 3411 τὸ
576 3360 608 3412 δέ
628 3361 697 3424 ἐμὸν
717 3364 816 3429 δῶρον
835 3363 927 3430 λόγος,
948 3363 964 3415 ὃ
982 3364 1053 3428 τάχα
1072 3364 1146 3417 καὶὸ
1163 3365 1272 3429 μέλλων
1285 3364 1464 3431 ὑπολήψεται

338 3442 444 3507 χρόνος
457 3441 499 3495 ἀεὶ
513 3443 683 3509 κινούμενον
696 3445 740 3498 καὶ
754 3443 806 3499 οὐκ
819 3447 877 3500 ἐῶν
890 3447 929 3500 εἷς
940 3449 975 3500 τὸ
989 3451 1124 3502 παντελές
1142 3452 1274 3502 ἀπελθεῖν
1285 3451 1338 3502 τὸν
1352 3450 1464 3503 ἐνθένδε

276 3582 280 3587 ,
341 3529 587 3599 μεταχωρὴςαντα,
608 3531 752 3596 φυλάττον
771 3534 802 3585 δέ
821 3533 863 3587 ἀεὶ
882 3533 927 3586 καὶ
947 3536 1043 3589 ἀκοαῖς
1062 3533 1106 3587 καὶ
1121 3537 1224 3600 ψυχαῖς
1236 3536 1464 3600 τὸντιμὼμενον

339 3612 384 3666 καλ
407 3614 535 3666 πινάκων
561 3616 763 3682 ἐναργεςτέραν
787 3618 932 3684 προτιθεὶς
951 3620 1004 3685 τὴν
1029 3618 1123 3672 εἰκόνα
1141 3624 1194 3673 roo
1216 3621 1412 3685 ποθουμένου’
1431 3621 1465 3674 cl.

338 3698 482 3751 Himerii
500 3701 588 3754 verba
607 3701 637 3754 iu
655 3701 788 3757 monodia
807 3703 837 3756 in
849 3704 885 3757 fil.
900 3704 948 3773 (or.
963 3705 1014 3773 115
1029 3705 1086 3773 22);
1107 3704 1224 3758 ‘roccae
1240 3706 1289 3769 μέν
1304 3705 1355 3757 οῦν
1369 3706 1463 3759 δέδεξο

338 3783 389 3834 τὰς
407 3783 484 3849 χοάς,
508 3783 541 3837 oc
561 3800 602 3838 ςοι
626 3787 705 3851 παρὰ
723 3793 764 3856 τῷ
792 3795 913 3857 ποταμῷ
938 3789 1048 3842 ςπένδω
1067 3795 1109 3858 τῷ
1132 3790 1240 3843 Μέλανι
1259 3793 1286 3844 et
1304 3790 1384 3858 523:
1409 3791 1462 3858 “ἐςῃ

339 3865 379 3934 δέ,
404 3864 427 3918 εἰ
451 3868 582 3935 δυνατόν,
606 3870 652 3921 διὰ
675 3874 727 3922 τοθ
753 3875 862 3938 πατρὸς
886 3870 1027 3926 ἀθάνατος
1051 3916 1056 3927 .
1076 3916 1081 3927 .
1102 3915 1107 3927 .
1131 3876 1261 3941 κοςμήςιιι
1287 3890 1315 3927 ςε
1339 3873 1385 3927 καὶ
1408 3876 1464 3928 ἐπι-

338 3948 455 4016 ταφίοις
475 3947 562 4014 άγῶςι
581 3952 626 4005 καὶ
645 3956 808 4021 παραδώςοι
827 3958 985 4026 τῷ·χρὸνῳ
1005 3959 1039 4011 τὸ
1059 3960 1108 4011 ςὸν
1128 3959 1228 4025 ὄνομα,
1248 3958 1293 4012 καὶ
1311 3960 1464 4026 γενήςομαι

339 4041 391 4089 rot)
414 4036 550 4102 δαίμονος
569 4041 638 4092 κατὰ
656 4045 744 4094 τοῦτο
763 4047 834 4105 γοῦν
853 4044 887 4096 τὸ
909 4044 995 4109 μέρος
1014 4044 1253 4111 φιλονεικότερος,
1277 4043 1325 4096 ἵνα
1345 4045 1392 4112 ἔχῃ
1416 4047 1464 4109 μέν

341 4121 446 4174 ἐκεῖνος
466 4123 500 4174 τὸ
520 4127 608 4185 ςῶμα,
627 4126 680 4190 τήν
700 4127 731 4178 δέ
751 4126 845 4192 ψυχὴν
865 4128 880 4179 δ
901 4124 1033 4194 οὐρανός,
1052 4127 1106 4192 τὴν
1125 4127 1156 4180 δέ
1176 4127 1261 4182 δόξαν
1281 4128 1404 4182 ἅπαντες
1419 4130 1463 4181 άν-

341 4207 473 4270 θριυποι.’
492 4205 531 4259 cf.
546 4206 629 4261 Tacit.
644 4209 734 4278 Agric.
747 4211 782 4264 46
796 4215 824 4264 et
837 4210 949 4265 Senec.
969 4212 1009 4264 De
1023 4227 1100 4264 cona.
1114 4210 1158 4264 ad.
1171 4210 1266 4279 Polyb.
1282 4212 1330 4265 18:
1351 4212 1463 4266 ‘Fratris

341 4307 451 4360 quoque
470 4292 512 4345 tui
530 4295 635 4360 produc
654 4296 819 4349 memoriam
838 4296 932 4365 aliquo
953 4296 1121 4364 scriptorum
1144 4294 1318 4349 monimento
1337 4299 1462 4362 tuorum;

340 4376 394 4428 hoc
414 4374 489 4428 enim
502 4391 589 4429 unum
603 4381 645 4431 est
658 4379 688 4430 in
700 4378 783 4432 rebus
796 4380 926 4433 humanis
940 4396 1019 4448 opuS,
1039 4381 1084 4434 cui
1098 4381 1176 4434 nulla
1188 4383 1341 4448 tempestas
1354 4386 1462 4448 noceat,
