3240 5252
13 311 20 522 i
126 433 212 520 [193]
563 443 661 503 sennia
679 444 817 498 Tulliana.
1211 442 1257 504 33
1355 389 1357 396 Α

124 615 270 696 eorporis,
295 633 380 696 quae
399 619 476 678 sunt
492 613 619 697 linguae
644 615 768 695 solutio,
793 617 881 679 voeis
900 633 1007 696 sonus,
1030 616 1137 698 latere,
1157 620 1257 702 vires,

122 717 332 780 conformatio
350 716 509 798 quaedam
525 725 556 782 et
578 717 684 800 figure
698 717 796 781 totius
820 719 883 783 oris
900 724 932 782 et
947 721 1097 801 eorporis,
1113 719 1251 788 tullium

121 819 206 902 loqui
236 818 383 884 concedo
415 839 550 904 eumque
581 839 741 904 opponere
764 821 895 904 ingenio
919 826 1015 904 etque
1037 823 1107 905 arti,
1136 843 1252 888 verum

120 928 223 986 tomen
254 942 322 986 non
354 928 510 1005 usturam,
539 924 594 988 sed
625 930 749 1007 portem
778 929 902 988 tentum
931 929 1074 1007 naturae,
1104 932 1253 991 nutrirem

13 1093 15 1102 ‚
119 1024 239 1088 scilieet
256 1025 413 1107 eorporis
447 1023 561 1106 Neque
583 1025 646 1092 looi
669 1025 756 1092 iliius
776 1045 818 1090 ex
837 1025 887 1090 De
903 1031 1027 1090 oratore
1046 1027 1129 1091 libro
1146 1031 1255 1112 primo

119 1128 236 1210 sumpti
264 1127 362 1190 initio
385 1133 518 1192 naturae
545 1134 576 1192 et
598 1131 717 1214 inponit
739 1129 869 1192 nomina
896 1130 1002 1212 iungit
1025 1131 1256 1197 coniunctione

118 1236 180 1312 out,
209 1231 268 1294 sed
299 1249 339 1294 eu
370 1251 453 1312 quoe
481 1237 529 1298 est
556 1240 655 1318 otqm,
687 1234 806 1316 pariter
835 1238 931 1314 etque
954 1236 1055 1298 animi
1078 1239 1110 1298 et
1132 1237 1256 1320 merit

118 1335 253 1398 nomine.
288 1335 345 1399 Sic
362 1335 424 1398 hoe
440 1355 567 1419 quoque
583 1336 662 1415 loeo,
687 1335 726 1398 de
743 1355 806 1418 quo
822 1355 890 1417 ego,
913 1342 1030 1404 nature
1046 1341 1078 1400 et
1092 1339 1256 1423 inpotem

119 1440 277 1502 eontrario
309 1457 382 1502 esse
405 1441 578 1520 nequeunt,
609 1439 666 1502 sed
690 1439 832 1520 eorporis
861 1443 985 1501 tautum
1008 1444 1123 1502 notura
1146 1445 1178 1504 et
1200 1441 1253 1503 in-

117 1542 255 1622 genium,
288 1559 366 1605 oum
397 1542 535 1624 pessime
565 1537 744 1624 opponetur
766 1559 843 1622 pars
864 1541 923 1603 toti
944 1545 1086 1605 naturae.
1122 1544 1166 1605 At
1190 1546 1252 1608 etsi

13 1677 14 1680 κ
118 1643 289 1710 scriberes:
316 1665 407 1730 quem
428 1651 484 1711 eut
507 1643 686 1730 (eorporis)
709 1652 827 1710 notwu
842 1651 900 1708 aut
916 1645 973 1710 ido
991 1651 1181 1730 pmestuotis
1202 1651 1255 1712 in·-

115 1751 195 1832 pem'e‘
218 1751 263 1814 uis
290 1748 379 1830 forte
398 1747 521 1830 destruet,
548 1753 729 1814 remaneret
751 1748 793 1829 id,
818 1767 881 1830 quo
906 1749 1047 1811 maxime
1069 1768 1103 1812 se
1127 1749 1252 1814 offendi

118 1850 192 1916 dioit
210 1850 463 1933 Heerdegenius
478 1851 513 1912 in
530 1850 577 1914 ed.
589 1851 667 1934 prol.
679 1871 749 1934 pag.
765 1849 883 1914 XXX:
909 1850 1006 1934 ‘quod
1021 1851 1083 1913 trie
1098 1851 1252 1917 orationis

117 1954 256 2018 membra
273 1953 379 2016 dividi
394 1953 546 2018 videntur
561 1959 610 2017 ter
625 1955 729 2036 posite
742 1953 900 2036 particula
922 1960 978 2016 aut
993 1951 1108 2016 additis
1124 1952 1253 2020 duobus

13 2067 14 2072 ’
116 2059 236 2120 tantum
256 2054 369 2120 verbis
388 2054 511 2138 defluet,
534 2059 703 2120 monitor
721 2055 802 2120 ere?
832 2054 990 2131 Quoniam
1010 2061 1117 2118 autem
1132 2063 1251 2123 natm

116 2164 145 2220 et
166 2162 329 2256 inperitum
361 2175 417 2240 per
440 2177 474 2222 se
499 2177 753 2240 synonymorum
779 2158 1007 2241 potiusquam
1032 2159 1250 2241 oppositorum

13 2287 14 2348 3
115 2263 182 2327 looo
206 2264 280 2344 sint,
313 2261 521 2326 Vollbehrius
552 2264 741 2326 eonomine
769 2263 925 2346 particule
947 2263 1131 2345 copulative
1153 2281 1250 2344 quarn

13 2379 14 2404 ¹
117 2365 311 2430 disiunctiva
336 2365 463 2430 eoueoti
486 2365 599 2430 moluit
620 2366 816 2450 protulitque
840 2365 1024 2429 scribenda:
1054 2372 1110 2429 out
1131 2373 1249 2432 notura

114 2490 168 2533 sue
189 2477 281 2555 atqie
297 2468 357 2533 olla
367 2470 558 2552 praedantis
572 2472 691 2555 inponis?
706 2472 757 2533 oie.
792 2470 835 2532 At
850 2469 946 2533 liceat
960 2467 1148 2554 emenone,
1166 2489 1252 2550 quoe

111 2570 370 2652 praeclarissime
385 2568 425 2632 de
440 2575 574 2634 nutrires
588 2590 666 2636 voee
683 2571 834 2653 exposuit
847 2571 1029 2636 Friderious
1044 2571 1079 2638 in
1091 2569 1250 2655 Philologi

112 2673 168 2736 vol.
181 2676 226 2738 44
243 2693 317 2757 pag.
340 2671 508 2736 euenisse
525 2673 648 2736 verbis:
674 2673 807 2738 ‘Nature
821 2675 864 2737 ist
878 2675 1034 2737 zuniohst
1052 2674 1110 2737 der
1124 2673 1250 2757 Ko'rper

112 2777 169 2840 uie
193 2776 286 2840 Geist
318 2774 535 2858 gieionmessig
564 2775 806 2859 umsponnende
830 2775 1040 2858 Oberbegriif,
1068 2776 1153 2838 kann
1182 2776 1250 2840 also

110 2880 196 2945 nieht
220 2879 379 2960 einseitig
402 2879 487 2942 ohne
511 2881 607 2944 einen
628 2878 914 2942 besehrdnkonden
937 2878 1058 2959 Znsetz,
1083 2878 1143 2941 wie
1167 2883 1251 2942 etus

110 2985 259 3067 eorporis
291 2983 368 3046 hier
389 2981 602 3065 ‘kdrperiiohe
626 2982 885 3065 Eigensoheften'
910 2980 1105 3045 bezeichnen
1128 2980 1180 3063 (ei.
1200 2981 1248 3046 De

108 3087 169 3150 inv.
186 3088 211 3169 i,
233 3089 293 3166 353
332 3088 410 3166 pert.
428 3104 471 3148 or.
490 3085 556 3167 35),
586 3085 629 3148 ist
658 3084 734 3148 uber
765 3085 849 3146 dnnn
878 3085 922 3146 im
954 3083 1132 3166 Gegenteil,
1163 3084 1247 3146 noch

107 3190 254 3271 hiufiger
279 3189 333 3252 als
353 3187 531 3270 ingenium,
561 3186 733 3252 stehender
757 3186 929 3250 Ausdruek
952 3186 1006 3249 fiir
1028 3186 1162 3268 geistige
1186 3186 1248 3250 Bo·

107 3294 268 3377 enlagung
299 3293 341 3354 in
366 3289 423 3352 der
450 3290 632 3355 bekannten
656 3290 857 3373 Dreiteilung
883 3290 988 3353 neben
1013 3288 1156 3352 doctrine
1180 3290 1248 3353 und

106 3395 296 3462 exercitatio
319 3391 511 3476 gewordenss
534 3394 647 3475 itaque
660 3393 809 3474 equidem
822 3391 1017 3474 Madvigium
1035 3410 1158 3472 sequor,
1172 3409 1248 3454 eum

107 3498 204 3564 deleri
229 3499 351 3562 iubeat
373 3495 452 3558 illud
475 3504 531 3561 out
554 3497 658 3560 solum
681 3501 791 3579 utpote
815 3494 960 3558 additum
983 3494 1021 3557 ab
1046 3514 1091 3575 eo,
1117 3494 1172 3575 qui
1191 3495 1246 3557 ab·

104 3602 239 3667 latinum
264 3606 390 3666 nature
413 3621 469 3664 suo
498 3619 556 3683 pro
586 3599 783 3664 nominativo
808 3598 975 3680 acceperit,
1003 3597 1175 3678 locumque
1199 3599 1247 3662 sio

105 3706 190 3790 lego:
224 3726 322 3792 quem
345 3708 539 3768 nosnatura
570 3725 627 3768 suo
651 3701 728 3786 [aut]
757 3702 813 3766 itta
838 3705 1027 3789 praestantis
1055 3702 1173 3785 inponit
1202 3704 1247 3766 vis

104 3810 184 3892 forte
200 3806 366 3893 deficies).
392 3804 481 3882 Quae
497 3807 591 3872 lectio
609 3804 850 3870 commendatur
866 3805 988 3868 collatis
1005 3801 1057 3866 Or.
1074 3804 1134 3865 41:
1158 3802 1245 3868 Inest

104 3917 185 3979 euim
209 3921 338 3978 nature
355 3909 549 3996 philosophia
572 3914 610 3975 iu
629 3909 722 3973 huius
744 3909 805 3972 viri
828 3915 925 3972 niente
940 3908 1089 3993 quaedum
1106 3911 1138 3968 et
1152 3904 1248 3969 Bruti·

106 4019 223 4097 §276:
256 4013 344 4102 quod
366 4019 482 4077 norrea
505 4035 567 4078 ooo
590 4019 662 4079 esset
685 4015 729 4076 itu
752 4011 862 4093 faetus.
897 4009 1059 4074 Dissentio
1083 4008 1181 4090 igitur
1204 4010 1244 4073 ab

105 4118 349 4202 Heerdegenio,
381 4117 467 4196 cuiq
495 4117 622 4180 videtur
653 4115 763 4178 Cicero
794 4113 901 4176 verbis
924 4122 1039 4179 notura
1067 4133 1124 4177 suo
1147 4113 1246 4195 signi-

199 4264 219 4332 ¹)
240 4259 409 4316 Wilkinsius
423 4274 532 4327 quoque
545 4257 686 4325 Madvigio
705 4256 858 4310 assentitur
877 4256 907 4310 in
921 4255 1042 4310 editione
1059 4269 1148 4320 nuper
1161 4253 1244 4310 facta.

197 4348 218 4418 ²)
238 4347 291 4402 Ed.
312 4345 382 4413 prol.
403 4360 463 4413 pag.
483 4344 563 4398 XXX.

159 4473 213 4527 xn,
227 4472 249 4517 2.
1121 4445 1153 4498 13
