3240 5252
350 494 392 556 20
788 501 913 580 vPetrus
937 502 1028 570 Reis,
1390 495 1474 580 [180]
1593 455 1594 527 ᾗ

349 673 452 754 primo
482 671 565 736 solos
593 671 641 735 De
665 677 788 736 oratore
817 669 916 736 libros
947 677 980 736 et
1004 671 1168 736 Oratorem
1197 675 1233 735 in
1259 673 1285 737 Ο
1318 676 1476 738 exstitisse
1593 703 1594 768 ,

351 793 485 855 eamque
501 774 540 836 ob
558 793 686 839 causam
700 775 850 838 Bossium
865 795 883 837 a
899 774 1042 838 Barzizio
1058 775 1151 838 Bruti
1167 776 1299 857 aliquod
1316 777 1477 859 exemplar

349 877 510 959 petivisse,
535 879 571 939 ut
587 877 718 958 quintus
735 877 789 940 ille
805 879 961 940 oratorius
977 876 1059 941 liber
1078 877 1218 941 adscribi
1233 881 1366 960 posset?
1397 879 1476 942 Con-

348 978 471 1042 firmari
491 978 637 1061 deniqne·
649 979 778 1044 ridetur
793 981 899 1062 opinio
915 999 994 1061 urea,
1015 1000 1090 1043 cum
1104 980 1324 1046 Detlelsenius
1340 984 1375 1045 in
1391 984 1475 1064 actiS,

350 1100 433 1163 quae
456 1081 593 1162 laudavi,
617 1086 703 1165 (pag,
723 1083 798 1162 105)
822 1082 972 1146 disserat:
1004 1082 1177 1148 ‘Zunachst
1200 1086 1302 1148 sahen
1326 1087 1393 1166 wir,
1417 1085 1474 1148 dall

350 1184 445 1246 haum
467 1185 499 1266 je
523 1182 574 1247 die
596 1183 684 1248 Reda
708 1204 775 1246 war
797 1204 860 1247 von
877 1183 1093 1267 Abschriften,
1118 1187 1169 1251 die
1193 1187 1339 1252 alle-drei
1358 1188 1474 1252 Werlre

347 1287 502 1370 augleich,
526 1287 579 1351 die
597 1287 728 1351 Btieher
746 1288 794 1353 De
814 1294 946 1370 oratore,
972 1288 1034 1352 den
1051 1288 1165 1372 Orator
1183 1289 1250 1352 und
1267 1289 1390 1353 Brutus
1409 1298 1475 1354 ent-

348 1390 456 1466 halten
486 1390 608 1468 hatten3
641 1390 740 1454 selbst
771 1391 826 1454 das
856 1393 963 1454 zuerst
993 1391 1262 1473 abgeschriebene
1293 1392 1474 1476 Exemplar,

348 1492 488 1556 welches
508 1491 668 1556 Gerardns
684 1491 885 1558 Landrianus
908 1513 972 1556 von
992 1493 1186 1576 Gasparinus
1206 1495 1330 1575 erhielt,
1350 1496 1474 1566 scheint

348 1595 411 1659 den
433 1594 554 1658 Brutus
584 1595 668 1658 noch
699 1596 789 1659 nicht
817 1597 877 1659 mit
906 1595 1069 1661 enthalten
1096 1616 1137 1658 zu
1161 1595 1275 1661 haben.
1311 1596 1474 1670 Viclmehr

347 1697 509 1786 sindJ'ene
525 1697 643 1761 Werhe
659 1703 766 1761 auerst
785 1697 947 1762 entweder
970 1685 1094 1762 einzeln
1119 1700 1196 1763 oder
1219 1719 1260 1762 zu
1279 1701 1404 1764 zweien
1422 1699 1474 1763 ab·
1593 1701 1594 1736 ³

347 1801 565 1884 geschrieben,
589 1802 657 1864 und
672 1821 768 1866 wenn
786 1803 846 1864 wir
869 1801 928 1864 alle
953 1801 1021 1864 drei
1045 1803 1079 1864 in
1103 1803 1209 1865 eiuem
1226 1800 1338 1864 Codex
1357 1801 1474 1865 wieder

347 1885 507 1987 vereinigt
529 1904 649 1986 finden,
674 1923 708 1968 so
732 1906 774 1968 ist
797 1904 848 1968 die
867 1904 1214 1970 Wahrscheinlichheit
1232 1905 1350 1967 immer
1374 1904 1473 1985 dafitr,

348 2005 408 2070 dall
439 2007 492 2070 cin
522 2006 649 2070 solehes
676 2006 850 2088 Exemplar
877 2009 942 2071 erst
971 2007 1254 2091 verbaltnismassig
1284 2014 1392 2091 spater
1421 2028 1475 2070 zu-

348 2108 618 2191 sammengcstellt
646 2109 689 2171 ist
716 2109 782 2170 und
813 2109 976 2172 viellcicht
1006 2128 1063 2172 ans
1086 2110 1195 2174 Teilen
1223 2111 1475 2174 verschiedener

349 2199 493 2275 Uberliei
494 2230 598 2294 erung
599 2211 648 2291 ’.¹)

438 2314 560 2377 Verum
585 2332 649 2396 quo
673 2312 775 2395 modo,
800 2313 877 2376 dum
901 2333 942 2377 ex
967 2314 1073 2378 Cosmi
1098 2315 1227 2378 demum
1251 2315 1472 2398 exemplariP

348 2397 580 2480 eOtiluxisse
603 2415 695 2479 nobis
718 2417 979 2499 persuaserimus,
1003 2417 1070 2481 inte
1053 2421 1159 2499 etrpre
1147 2416 1261 2481 tandae
1285 2418 1380 2492 nobis
1399 2421 1474 2481 sunt

348 2487 515 2600 utriusque
541 2517 661 2582 codicis
684 2519 844 2601 subscript
844 2520 958 2582 iones?
986 2519 1085 2612 Palat'
1064 2525 1168 2583 tmum
1192 2519 1332 2602 quidem,
1357 2541 1431 2585 cum
1455 2541 1472 2585 e

347 2619 555 2685 Laudensis'
546 2622 648 2704 1psius
672 2623 852 2706 apographo
875 2625 1019 2706 primoe
1002 2626 1034 2687 t
1056 2644 1074 2686 a
1097 2623 1180 2687 doct
1158 2623 1280 2689 tissime
1309 2626 1378 2688 viro
1401 2645 1474 2708 per-

347 2724 434 2802 lecto
458 2725 685 2805 transscriptus
710 2727 802 2806 esset,
826 2725 984 2790 uftidem
1008 2727 1038 2790 ei
1061 2725 1200 2808 afferret,
1226 2745 1284 2790 suo
1309 2729 1380 2792 iure
1399 2727 1474 2790 Bar-

348 2829 447 2891 zizius
470 2833 525 2910 pot
512 2828 573 2889 tuit
597 2831 658 2890 test
660 2828 706 2890 ari
733 2827 786 2891 ex
808 2831 1024 2894 vetustissimo
1053 2829 1174 2893 codice'
1200 2831 1389 2895 manavisse.
1413 2831 1474 2894 Ex

349 2930 577 2994 uetustissimo'
605 2931 704 3013 igitur
732 2931 841 2994 codice
869 2952 927 3015 per
954 2934 1158 3017 apographon
1183 2933 1391 2998 Cosmianum
1422 2935 1474 2998 de·

348 3019 469 3097 rivatus
488 3037 537 3098 est
551 3033 578 3096 P
594 3039 626 3097 et
649 3033 700 3096 ‘ad
718 3034 891 3117 exemplar’
911 3038 1004 3114 (nach
1023 3036 1095 3100 dem
1112 3034 1265 3117 Original)
1281 3037 1389 3119 ipsum
1408 3056 1475 3100 cor-

349 3145 464 3201 rectus.
496 3136 618 3213 Quodsi
635 3135 660 3199 Ο
679 3142 839 3224 corrector
862 3140 1054 3223 compluries
1077 3133 1284 3219 reprehendit
1300 3137 1474 3219 librarium,

349 3240 441 3302 illum
469 3241 626 3304 erravisse
657 3241 692 3303 in
716 3260 753 3304 eo
783 3241 925 3322 arbitror,
958 3240 1043 3324 quod
1073 3238 1216 3302 codicem
1246 3238 1350 3303 tribus
1383 3242 1473 3302 annis

351 3347 423 3406 ante
455 3342 493 3406 de
517 3342 679 3406 Laudensi
709 3345 778 3426 ipso
807 3343 1001 3427 descriptum
1028 3363 1102 3416 esse
1130 3343 1263 3425 putavit.
1300 3343 1362 3420 Qui
1388 3364 1475 3408 error

352 3444 437 3507 unde
466 3448 554 3507 ortus
579 3445 627 3525 sit,
656 3447 733 3508 satis
761 3446 967 3510 manifestum
997 3452 1054 3510 est.
1090 3448 1143 3509 An
1167 3446 1342 3528 quicquam
1367 3448 1475 3511 verisi-

351 3549 459 3610 milius
488 3549 517 3610 ei
541 3548 644 3642 videri
673 3550 778 3632 potuit
806 3570 900 3632 quam
932 3549 1077 3614 codicem
1105 3549 1267 3629 integrum
1298 3549 1474 3632 eodemque

352 3669 435 3712 anno
454 3649 577 3744 perfect
577 3670 640 3732 um,
661 3671 724 3733 quo
747 3651 858 3717 invent
859 3671 897 3714 us
922 3656 989 3715 erat
977 3650 1197 3731 tLandensis,
1216 3648 1292 3713 inde
1314 3651 1474 3716 fluxisse?

352 3751 448 3833 Haud
471 3753 578 3816 minus
602 3753 722 3846 iniusta
744 3756 793 3818 est
814 3755 892 3836 lane,
916 3775 1010 3836 quam
1035 3755 1203 3838 Viglevius
1226 3754 1341 3818 Bossio
1365 3757 1475 3819 tribuit

353 3840 506 3917 Cumano.
524 3853 649 3946 Neque
669 3857 762 3919 enim
773 3856 920 3920 Bossium
940 3863 1080 3942 primam
1099 3863 1225 3922 vaterem
1242 3865 1271 3920 et
1288 3862 1474 3948 superiorem

336 3944 482 4022 ‘codicem
503 3977 568 4021 ννονν
583 3964 630 4021 sat
648 3980 667 4022 a
684 3959 839 4046 plerisque
857 3961 1005 4076 lepibilcm
1023 3961 1058 4025 ob
1080 3963 1281 4045 antiquaram
1301 3961 1475 4026 litterarum

352 4058 484 4157 effipiam
501 4060 690 4154 stilumque
676 4065 812 4147 acceperit
814 4082 865 4126 νννν
880 4065 915 4126 ν’νν
930 4063 1045 4126 latinas
1059 4070 1088 4126 et
1101 4063 1266 4146 explicatos
1278 4064 1349 4129 benc
1361 4067 1384 4130 ἶν’
1384 4073 1475 4130 tteras

352 4148 539 4254 atraeque
557 4165 767 4258 interpunctas
784 4186 905 4260 samma
923 4166 1084 4250 ditipeatia
1099 4169 1285 4230 renovavisae
1300 4167 1474 4231 concedere

443 4302 464 4370 ¹)
476 4303 512 4360 ¹ln
518 4302 705 4362 Mutinensem
715 4320 824 4375 quoque
840 4304 966 4360 codicem
977 4304 1123 4360 Oratorem
1133 4305 1248 4360 fluxisse
1264 4323 1299 4361 ex
1313 4309 1375 4366 alio¹
1385 4325 1474 4362 exem-

354 4384 431 4462 plari
444 4401 478 4461 ac
497 4385 613 4465 Brutum
624 4403 696 4463 ,mox
715 4386 880 4464 videbimus,
927 4407 929 4414 ¹
