3270 5250
151 391 239 476 [309]
498 395 537 448 De
555 393 796 449 Pseudo-Luciam
814 395 972 450 timoribus
1251 390 1293 454 47

151 591 215 634 non
235 568 442 633 mirandum.
466 566 547 630 Utut
565 573 622 646 est,
642 565 853 650 ‘Aethiopiae'
872 567 1043 651 descriptio
1063 568 1220 633 Athenaei
1238 569 1294 634 illo

151 675 221 739 loco
244 674 408 756 tangitur.
442 669 510 732 Iam
532 669 573 732 ad
595 669 714 733 librum
740 673 811 748 περὶ
838 671 951 735 Κνίδου
980 670 1148 736 tendimus.
1182 672 1296 738 Exstat

153 777 238 841 enim
262 773 442 856 Posidippi
465 773 659 854 epigramma
687 771 716 852 (1
743 773 806 854 p.8
827 791 873 856 sq.
897 773 984 854 Scb.)
1008 793 1072 856 quo
1101 775 1294 858 Sostratus1)

153 881 319 945 Cnidius
345 875 497 940 laudibus
513 875 655 939 effertur.
682 877 780 957 Atqui
804 878 838 938 in
862 877 1076 941 ‘amoribus’
1100 881 1152 960 (11
1173 898 1202 961 p.
1215 880 1294 962 408)

153 984 251 1046 huius
286 983 387 1048 ετοά(
420 977 511 1042 Cnidi
544 979 645 1042 inisse
677 979 822 1062 legimus.
855 980 969 1062 Itaque
1001 1001 1075 1045 cum
1103 983 1293 1066 Aethiopiae

154 1085 304 1168 exemplo
331 1083 382 1146 nti
406 1081 498 1144 nobis
521 1082 624 1162 liceat,
648 1083 844 1165 epigramma
868 1103 941 1146 cum
961 1083 1054 1147 Cnidi
1079 1085 1292 1169 descriptione

154 1190 330 1253 cohaerere
353 1183 591 1249 concludemus.
616 1184 789 1266 Postquam
813 1187 899 1248 enim
924 1187 1004 1249 tuni
1027 1193 1134 1252 erecta
1158 1187 1292 1253 Sostrati

153 1291 303 1355 versibus
329 1286 515 1352 celebrandi
543 1288 668 1351 occasio
702 1287 806 1350 oblata
834 1295 882 1351 est
909 1288 1033 1368 (Schott
1055 1310 1084 1373 p.
1102 1292 1168 1372 12),
1193 1291 1290 1355 simul

155 1396 224 1458 eius
247 1391 356 1476 patria
382 1388 539 1453 adductus
560 1389 694 1454 uberius
720 1391 785 1471 egit
803 1393 873 1469 περὶ
893 1393 1022 1469 Kolboi),
1049 1392 1133 1457 hanc
1156 1392 1196 1456 ad
1220 1413 1290 1460 rem

155 1496 296 1560 Veneris
321 1492 530 1556 simulacrum
553 1511 617 1554 non
641 1511 739 1575 parvo
768 1498 836 1556 erat
862 1497 1064 1570 moment02t.
1098 1495 1292 1562 Prooemii

155 1601 276 1682 igitur
306 1597 431 1659 nostri
458 1601 603 1678 partem
632 1614 709 1659 eam
739 1615 834 1678 quae
862 1596 906 1659 ad
931 1596 1091 1660 Cnidum
1119 1599 1292 1680 pertinet

154 1702 198 1765 ad
226 1699 433 1780 Posidippi
461 1701 543 1776 περὶ
572 1698 706 1761 Κνίδου
738 1697 879 1761 librum
907 1698 1057 1762 recedere
1090 1701 1157 1763 veri
1191 1701 1291 1764 simil-

154 1807 269 1869 limum
290 1803 437 1882 videtur,
457 1807 623 1865 auctorem
641 1803 728 1864 enim
745 1806 846 1865 aetate
865 1803 1023 1882 maiorem,
1041 1801 1095 1883 qui
1113 1802 1290 1870 ἀλλόκοτον

153 1910 244 1973 illum
271 1909 377 1987 ἔρωτα
401 1907 590 1987 tractaverit,
614 1924 673 1968 nos
697 1905 827 1987 quidem
851 1924 915 1967 non
940 1911 1094 1968 tenemus

244 2011 441 2092 Priusquam
466 2007 639 2091 disputatio
662 2009 896 2090 progrediatur,
919 2010 953 2071 in
978 2008 1149 2091 Posidippo
1174 2011 1288 2091 paulu-

153 2117 222 2179 lum
245 2131 420 2176 moremur.
444 2111 615 2175 Mulierum
635 2112 722 2174 enim
746 2112 806 2176 hae
828 2113 863 2174 in
883 2112 1070 2194 quaestione
1092 2114 1180 2175 recte
1203 2113 1288 2176 iudi-

155 2238 244 2283 casse
257 2217 413 2292 vidimus3
432 2215 517 2296 quod
533 2215 657 2296 poetice
673 2214 773 2278 fuisse
787 2216 1003 2297 conscriptum
1018 2214 1135 2277 librum
1149 2217 1289 2282 coniecit

154 2323 204 2384 vir
227 2321 352 2399 doctuS,
376 2319 410 2380 in
439 2336 476 2380 eo
505 2319 619 2399 opinor
644 2317 774 2380 fallitur.
805 2317 835 2380 N
837 2337 885 2379 am
917 2338 982 2380 una
1010 2337 1084 2381 cum
1112 2317 1286 2401 Posidippo

156 2423 304 2487 Clemens
318 2420 361 2483 l.l.
370 2419 656 2502 Philosteplranum
668 2423 830 2484 memoret.
845 2418 947 2495 Quem
959 2421 1065 2502 ipsum
1076 2422 1146 2498 περὶ
1158 2420 1286 2498 Κύπρου

155 2545 284 2591 carmen
310 2525 528 2606 composuisse
554 2523 714 2606 quondam
742 2524 882 2586 coniecit
905 2522 1034 2604 Stiehle,
1058 2522 1171 2586 Philol.
1198 2524 1283 2587 1849

154 2629 201 2692 IV
217 2631 281 2693 387
300 2628 391 2690 nisus
410 2627 507 2691 Ttetn.
524 2626 603 2689 Chii.
621 2626 683 2689 Vll
704 2628 768 2690 670
786 2645 831 2707 sq.
851 2647 880 2709 p.
895 2627 958 2689 266
976 2625 1014 2707 ll,
1031 2627 1123 2690 cuius
1139 2626 1286 2691 versibus

155 2733 193 2797 de
212 2732 342 2796 Siciliae
357 2729 430 2793 lacu
448 2729 587 2810 quodam
600 2729 713 2811 agitur.
733 2729 878 2793 Primum
889 2748 974 2810 vere,
986 2728 1136 2810 quoniam
1148 2748 1167 2790 a
1178 2728 1285 2792 verbis

154 2835 235 2912 Γαίηι
252 2833 282 2897 δ’
296 2834 331 2896 ἐν
345 2834 483 2895 Σικελῶν
494 2832 669 2909 Τρινάκριοι
685 2851 805 2894 novum
822 2832 971 2912 quiddam
987 2832 1129 2913 incipere
1145 2834 1285 2914 apparet,

245 3011 266 3080 ¹)
285 3010 325 3064 De
356 3024 411 3079 quo
437 3009 544 3062 dabunt
570 3008 650 3062 locos
682 3009 891 3079 Dittenberger,
922 3008 967 3063 Or.
986 3007 1031 3062 Gr.
1050 3008 1133 3061 inser.
1153 3009 1187 3062 66
1202 3024 1241 3076 sq.
1263 3009 1285 3078 (l

152 3101 203 3155 118
214 3099 266 3168 sq.)
287 3101 315 3152 et
335 3098 433 3152 Schott
452 3098 468 3150 l.
481 3097 499 3150 l.
518 3098 589 3150 Eum
607 3097 692 3150 Phari
711 3101 818 3150 εκοποῦ
844 3095 1027 3150 architectum
1052 3108 1109 3145 non
1129 3092 1216 3147 fuisse
1236 3109 1284 3148 ex-

151 3201 255 3252 ponere
283 3182 391 3237 studuit
415 3183 511 3236 Schott
536 3182 665 3253 idemque
690 3186 780 3240 sensit
802 3202 827 3238 v.
846 3179 1043 3249 Wilamowitz‚
1068 3180 1230 3250 Textgesch.
1257 3181 1283 3237 d.

151 3271 253 3338 griech.
269 3269 366 3322 Bukol.
381 3268 441 3333 183,
452 3288 476 3336 2,
496 3285 554 3322 non
571 3270 654 3338 plane
672 3270 739 3324 mihi
753 3271 806 3323 hoc
825 3281 990 3338 persuasum
1009 3281 1071 3319 esse
1089 3263 1188 3319 fateor.
1208 3266 1284 3320 Nihil

152 3353 226 3406 enim
244 3351 370 3421 impedit,
390 3367 426 3405 ne
445 3367 584 3420 ponamus
598 3355 756 3409 Sostratum
777 3371 836 3408 non
856 3356 948 3408 solnm
964 3351 1056 3404 virum
1073 3350 1281 3405 nobilissimum

151 3442 234 3507 etque
262 3436 463 3491 divitissimum
485 3438 536 3492 sed
560 3439 644 3493 etiam
671 3441 854 3494 architectum
881 3435 1105 3494 sollertissimum
1129 3435 1225 3503 luisse,
1249 3441 1281 3490 ut

151 3528 309 3592 propterea,
328 3522 403 3590 quod
422 3523 506 3576 turris
526 3524 698 3578 lineamenta
712 3526 872 3579 coniecerat
892 3537 1008 3589 eamque
1028 3537 1081 3574 sua
1100 3539 1129 3575 re
1148 3521 1280 3575 familiari
1316 3540 1321 3550 ·

151 3609 351 3663 exstruendam
378 3613 535 3676 curaverat,
560 3625 664 3663 nomen
689 3611 843 3666 inscribere
867 3611 893 3664 ei
916 3609 1015 3662 liceret
1036 3606 1116 3674 (Plin.
1139 3610 1196 3660 nat.
1215 3605 1281 3662 hist.

150 3694 257 3749 XXXVI
270 3694 306 3747 42
312 3711 318 3759 3
338 3693 489 3748 Puchstein
503 3694 578 3762 apud
591 3694 644 3747 PW
654 3697 676 3748 ll
690 3695 751 3763 549,
765 3695 800 3748 47
812 3695 876 3763 sq),
896 3696 950 3748 hoc
962 3691 1075 3760 quidem
1089 3707 1159 3744 aevo
1171 3690 1281 3743 Helle-

149 3777 280 3833 nistico
300 3777 415 3831 minime
439 3778 625 3846 improbabile
645 3783 693 3833 est.
723 3781 813 3848 Atque
837 3780 937 3833 Strabo
963 3775 1122 3845 (xv11791;
1150 3793 1185 3830 ex
1203 3776 1281 3829 Posi-

150 3863 234 3917 donio
254 3862 330 3932 (797)
347 3867 378 3916 ut
397 3863 517 3931 videtur)
535 3880 595 3917 rem
614 3864 728 3920 novisse
748 3869 870 3933 poterat;
895 3860 1064 3933 posteriores
1084 3864 1186 3929 autem,
1206 3859 1281 3926 quod

149 3947 367 4002 architectorum
386 3947 502 4002 nomina
515 3947 629 4002 inscribi
650 3950 787 4014 solebant,
801 3949 961 4004 Sostratum
974 3945 1158 4000 architectum
1171 3946 1281 3998 tantum

149 4032 235 4086 tuisse
255 4036 427 4098 statuerunt;
448 4032 570 4086 accessit
590 4031 624 4085 de
644 4050 708 4102 rege
728 4032 948 4089 narratiuncula.

238 4116 259 4185 ²)
280 4115 360 4183 Quod
386 4116 589 4185 epigrammata
614 4116 667 4169 sub
691 4115 834 4184 Posidippi
862 4114 976 4170 nomine
1002 4114 1107 4168 tradita
1133 4129 1180 4180 ea,
1207 4127 1280 4178 quae

148 4203 185 4256 ad
204 4206 280 4256 artes
306 4206 444 4271 spectant,
471 4201 531 4255 eius
555 4217 613 4254 non
636 4205 702 4255 sunt
728 4200 835 4269 (Schott
854 4204 889 4256 22
899 4216 939 4269 sq.
953 4216 978 4267 p.
993 4199 1028 4252 83
1039 4198 1097 4269 sq),
1123 4196 1280 4252 nihilfecit

149 4287 184 4341 ad
204 4287 399 4356 quaestionem
419 4290 554 4340 nostram.

201 4409 288 4464 x11‚a.
1121 4391 1154 4446 21
