3270 5250
372 483 417 545 34
805 487 933 542 Robert
951 486 1068 554 Bloch,
1415 477 1505 566 [296]

500 658 731 712 Pseudo-Lucian
751 659 784 712 l.:
1115 657 1193 711 Diod.
1207 658 1256 725 18,
1271 659 1287 710 7
1299 673 1355 726 sq.:

370 744 429 809 Τήν
449 743 473 795 δ’
485 743 542 795 ἀπὸ
560 741 674 795 τούτων
693 741 804 809 μίμηειν
818 742 864 796 ἐπὶ
875 745 910 796 τὸ
962 739 1010 796 Ἐκ
1023 744 1054 795 δέ
1066 747 1118 795 τοῦ
1132 743 1190 795 κατ’
1204 740 1302 806 ὀλίγον
1317 743 1376 795 ὑπὸ
1387 745 1438 808 τήτ
1447 741 1503 796 πεί-

371 832 500 896 κρεῖττον
514 829 557 882 ἀεὶ
572 830 776 894 μεταγαγόντες
793 829 910 883 κτλ.καί
966 842 1017 892 poc
1030 827 1232 893 διδαεκομένηε
1245 831 1302 884 κτλ,
1318 829 1390 881 κατὰ
1404 828 1505 893 μικρὸν
1616 847 1619 872 ν

371 914 535 978 λεληθότως
560 913 587 967 cl
611 913 677 980 περὶ
701 918 791 966 ταῦτα
814 915 910 978 τέχναι
965 911 1009 966 καὶ
1027 914 1077 966 τὰ(
1095 913 1196 977 τέχνα(
1215 913 1369 979 εὑρεθῆναι
1388 917 1444 967 κτλ,

370 999 423 1050 τὸν
451 999 559 1064 χρόνον
585 1002 718 1064 λαβοῦεαι
744 1001 909 1052 διδαεκαλον

371 1086 428 1136 κτλ.

370 1182 460 1246 Haec
482 1184 581 1265 igitur
603 1183 684 1247 bene
703 1203 737 1247 se
756 1183 874 1247 hahere
893 1182 1051 1246 videntur.
1089 1182 1153 1246 Sed
1171 1183 1271 1248 finem
1291 1185 1503 1266 respicientes

371 1285 528 1348 ‘silvestre
550 1303 652 1367 genus
672 1284 915 1366 terrigenarum'
940 1283 1070 1346 beatum
1095 1285 1159 1348 dici
1182 1288 1294 1368 (1411)
1317 1288 1503 1350 invenimus

370 1388 490 1469 pariter
512 1393 607 1470 atque
626 1409 645 1450 a
662 1387 835 1452 Posidonio
855 1386 966 1469 (Strab.
981 1387 1045 1450 VH
1065 1388 1171 1471 296)1)
1206 1389 1292 1471 Mysi
1314 1391 1500 1474 praedican-

369 1495 439 1569 tur,
460 1489 498 1553 cl.
516 1492 612 1554 etiam
627 1490 661 1554 ΙΙ
678 1492 764 1554 1150
781 1509 826 1571 sq.
844 1495 875 1554 et
891 1489 938 1553 VI
956 1491 972 1551 l
990 1508 1035 1570 sq.
1063 1490 1177 1572 Itaque
1195 1491 1388 1573 Lachmann,
1406 1511 1500 1574 quem

369 1593 486 1656 Munro
506 1593 642 1674 quadam
662 1611 704 1656 ex
728 1597 817 1673 qarte
839 1597 968 1656 secutus
988 1595 1075 1673 asu),
1095 1600 1204 1677 postea
1225 1614 1336 1658 versus
1356 1595 1428 1659 illos
1448 1595 1502 1658 ad-

371 1698 453 1760 ditos
473 1717 542 1762 esse
562 1698 723 1780 iudicavit,
744 1697 863 1780 quibus
882 1717 947 1760 non
966 1703 1030 1760 tam
1049 1699 1207 1760 sententia
1225 1697 1386 1780 Epicurea
1406 1717 1501 1779 quam

369 1801 470 1883 ipsius
493 1803 604 1882 poetae
629 1802 735 1883 opinio
764 1802 1021 1882 contineretur3).
1056 1800 1171 1882 Neque
1200 1817 1276 1864 vero
1300 1800 1374 1864 fieri
1399 1820 1501 1884 posse,

369 1907 406 1964 ut
433 1902 488 1964 tali
515 1902 608 1965 modo
640 1903 835 1985 expresserit
863 1904 1055 1967 sententiam
1085 1923 1177 1966 suam
1207 1903 1418 1987 philosophus
1447 1903 1499 1966 ille

369 2009 469 2088 poeta,
501 2023 611 2068 omnes
641 2005 834 2084 concedent;
867 2005 998 2087 accedit,
1031 2005 1117 2088 quod
1147 2008 1277 2068 omnino
1309 2005 1497 2070 Lucretium

368 2129 432 2171 non
459 2110 510 2171 sui
540 2110 690 2191 temporis
719 2111 809 2190 quasi
832 2109 997 2193 speculum
1018 2110 1166 2190 inserere,
1197 2109 1254 2173 sed
1272 2109 1497 2192 philosophiae

367 2213 546 2296 Epicureae
576 2213 779 2276 condiciones
808 2213 936 2277 easdem
965 2233 1034 2277 esse
1062 2233 1252 2296 persuasum
1276 2213 1378 2278 habeo
1403 2219 1498 2295 atque

368 2321 549 2398 temporum
572 2315 717 2394 illorum;
741 2335 783 2379 ne
806 2317 907 2379 multa
931 2353 982 2397 -,
1007 2316 1078 2379 dico
1104 2321 1272 2397 utramque
1296 2320 1444 2389 aetatem,
1468 2319 1500 2379 et

368 2437 449 2500 quae
465 2437 605 2501 pugnam
618 2418 658 2480 ad
670 2418 887 2482 Chaeroneam
899 2419 1014 2482 tactam
1028 2422 1139 2482 secuta
1152 2423 1243 2482 estet
1257 2437 1338 2499 quae
1353 2418 1497 2482 Caesaris

365 2539 482 2584 necem
503 2520 683 2603 praecessit,
707 2521 742 2582 in
766 2520 899 2584 discidio
923 2522 1076 2584 intestino
1099 2523 1144 2584 ita
1167 2526 1395 2604 consumptam
1419 2540 1496 2602 esse,

365 2630 403 2687 ut
424 2624 604 2687 libertatem
612 2626 636 2702 4)
660 2623 805 2686 homines
821 2624 999 2687 necessario
1013 2628 1206 2707 appeterent.
1231 2624 1333 2687 Porro
1356 2623 1497 2703 Norden,

366 2728 475 2792 Jahrb.
504 2727 524 2791 1.
553 2726 642 2790 class.
666 2727 779 2790 Philol.
803 2748 833 2791 u.
858 2728 992 2810 Paedag.
1017 2726 1125 2810 Suppl.
1148 2729 1232 2790 1892
1258 2727 1342 2790 XIX
1362 2730 1427 2790 411
1450 2746 1495 2808 sq.

367 2831 586 2914 quaestionem
610 2831 740 2893 uberius
764 2835 903 2894 tractans
922 2831 1053 2894 Lucreti
1070 2831 1159 2893 locos
1178 2830 1375 2912 coniungere
1401 2835 1498 2911 atque

367 2934 528 3016 explicare
561 2938 693 2996 conatus
725 2939 773 2998 est
804 2954 869 2996 non
902 2934 971 2996 sine
1004 2933 1128 3011 tructu3
1165 2932 1355 3014 profligasse
1388 2937 1495 2995 autem

366 3037 446 3099 mihi
470 3056 535 3099 non
559 3037 686 3100 videtur
709 3037 933 3100 difficultatem
959 3036 1006 3099 vir
1030 3035 1157 3098 doctus:
1182 3054 1287 3116 neque
1314 3037 1401 3098 enim
1425 3054 1495 3117 pro-

460 3196 479 3264 ¹)
498 3195 537 3248 Cf.
558 3196 712 3264 Schmehel,
736 3196 841 3250 Philos‘
858 3197 883 3250 d.
904 3195 984 3249 mittl.
1006 3195 1073 3249 Stoa
1092 3195 1144 3248 287
1155 3212 1195 3264 sq.
1216 3195 1384 3250 Posidonius
1403 3199 1497 3249 autem

363 3279 487 3335 invicem
504 3281 679 3336 ratiocinans
697 3281 825 3335 homines
842 3280 1024 3349 perfectiores
1043 3281 1185 3334 exstitisse
1203 3281 1334 3334 concedit
1351 3281 1396 3350 (cl.
1409 3299 1434 3350 p.
1445 3281 1495 3350 17).

458 3369 478 3436 2)
496 3367 596 3420 Munro
614 3368 650 3421 ad
667 3367 712 3420 l.l.
730 3368 763 3436 (ΙΙ
772 3367 833 3434 331,
851 3368 914 3436 351)
933 3366 1018 3420 etiam
1028 3365 1129 3434 Vergil.
1143 3367 1210 3418 Aen.
1222 3366 1279 3420 VIII
1291 3367 1344 3420 314
1353 3384 1393 3436 sq.
1408 3369 1494 3434 affert,

363 3450 467 3519 quibus
486 3451 615 3506 versibus
634 3452 679 3506 hic
698 3453 816 3505 fortasse
835 3452 906 3504 Enni
925 3451 1044 3520 vestigia
1063 3451 1180 3519 pressit;
1209 3467 1309 3505 versus
1336 3452 1412 3505 enim
1435 3451 1496 3519 314,

362 3537 445 3589 ‘haec
458 3552 577 3590 nemora
590 3536 738 3604 indigenae
756 3536 850 3590 fauni
868 3537 1039 3604 nymphae
1059 3535 1231 3589 tenebant'
1243 3535 1415 3590 Ennianium
1428 3535 1494 3588 illud

362 3619 429 3690 (214
441 3621 573 3698 p.38Vl)
599 3621 736 3675 ‘versibus
762 3638 832 3690 quos
859 3621 925 3675 olim
951 3621 1047 3675 fauni
1072 3624 1237 3688 vatesque
1262 3621 1444 3675 canebant’
1466 3620 1494 3673 in

361 3707 531 3760 memoriam
558 3707 664 3760 nemini
688 3722 745 3759 non
764 3709 886 3760 revocat.
919 3707 976 3760 Iam
995 3705 1169 3760 Nordenium
1188 3704 1236 3772 (ad
1254 3706 1355 3774 Vergil.
1375 3707 1442 3760 Aen.
1462 3705 1495 3758 Vl

361 3791 415 3844 637
428 3805 469 3860 sq.
484 3809 510 3860 p.
521 3789 583 3859 289)
603 3791 754 3845 adnotasse
774 3796 873 3859 postea
891 3790 949 3844 vidi
969 3791 1117 3844 formulam
1141 3806 1213 3858 eam,
1233 3806 1305 3858 quae
1325 3791 1406 3845 brevi
1431 3794 1493 3844 ante

361 3874 431 3944 (vlu
445 3877 511 3944 306)
515 3875 542 3942 7)
560 3875 690 3942 occurrit,
704 3875 816 3929 ‘divinis
837 3876 921 3929 rebus
934 3875 1076 3944 perlectis’
1090 3891 1153 3928 esse
1167 3874 1205 3926 ‘in
1219 3875 1419 3929 ennianischer
1433 3875 1495 3929 Um-

360 3959 492 4030 gebung’.
518 3989 553 3997 -
578 3960 709 4013 Horatius
728 3960 952 4014 mediocritatem
972 3959 1113 4029 quandam
1133 3958 1162 4011 in
1187 3959 1241 4012 hoc
1268 3963 1433 4028 argumento
1452 3975 1494 4012 se-

360 4042 458 4112 quitur
467 4065 473 4112 ;
495 4044 529 4097 cl.
549 4043 578 4097 L.
591 4044 691 4098 Miiller
710 4045 745 4098 ad
765 4061 806 4113 ep.
821 4046 837 4097 2
851 4048 879 4098 et
892 4045 908 4098 3
922 4062 947 4113 p.
958 4045 1012 4097 300
1020 4061 1060 4113 sq.

456 4129 478 4199 8)
498 4130 539 4182 De
558 4129 683 4183 carmine
702 4129 870 4183 Lucretiano
886 4129 1020 4183 universo
1032 4129 1107 4183 idem
1120 4129 1176 4182 nisi
1194 4129 1276 4183 fallor
1293 4128 1392 4183 statuit
1408 4129 1494 4196 Marx,

359 4213 441 4266 Neue
462 4212 559 4267 Jahrb.
573 4213 590 4266 1.
608 4213 633 4267 d.
647 4212 731 4268 klass.
745 4214 852 4280 Altert,
872 4230 894 4266 s.
908 4213 1008 4267 Abteil.
1024 4213 1102 4281 1899,
1115 4214 1167 4267 547
1176 4230 1216 4281 sq.

456 4298 480 4367 ⁴)
498 4297 562 4350 Non
588 4298 679 4351 solum
705 4298 788 4352 animi
813 4297 1045 4367 tranquillitatem
1071 4301 1184 4366 specto,
1215 4298 1249 4352 cl.
1269 4298 1347 4366 Epic.
1367 4301 1436 4352 sent.
1460 4297 1494 4350 67
