3240 5252
352 485 396 546 44
799 491 918 546 Petrus
937 491 1030 559 aas,
1392 481 1475 568 [994]
1593 439 1594 442 ¹

353 664 534 743 vidcr·cnt¹).
564 663 623 725 Illo
647 667 753 726 autem
783 679 853 744 usu,
885 683 948 746 quo
971 662 1092 745 referre
1114 663 1157 727 ad
1180 663 1304 745 aliquid
1333 682 1477 727 revocare

353 785 444 828 suam
468 765 507 828 ad
532 782 684 847 normam,
714 765 827 848 legem,
858 783 961 848 genus
984 765 1155 848 significet,
1184 765 1270 849 apud
1295 765 1479 830 Cicerone-m

353 868 434 930 nihil
458 886 528 932 esse
556 867 766 950 frequentino,
797 873 833 929 ut
855 866 906 930 vel
934 867 968 929 in
991 867 1039 932 De
1063 869 1186 932 finibus
1217 869 1308 932 libris
1337 875 1480 933 sescenta

353 971 501 1054 legantur
531 970 627 1032 huius
651 971 896 1033 constructionis
920 972 1107 1054 exempla2).
1142 971 1239 1036 Haud
1264 973 1326 1036 alia
1350 972 1479 1035 forsitan
1593 1041 1594 1058 ,

353 1074 491 1137 senserit
507 1071 729 1154 BaehrensiuS,
746 1073 851 1154 quiin
867 1073 944 1137 Rev.
958 1075 997 1138 de
1013 1075 1088 1158 phil.
1105 1075 1146 1158 X,
1165 1077 1206 1139 16
1219 1096 1254 1140 se
1270 1095 1336 1139 una
1353 1077 1481 1158 solaque

355 1193 435 1239 voce
451 1175 637 1254 referuntur
651 1175 773 1239 offendi
789 1177 822 1238 et
836 1195 893 1258 pro
910 1193 947 1240 ea
968 1177 1178 1262 proferuntur
1192 1178 1271 1259 (soil.
1290 1177 1330 1241 ab
1346 1179 1481 1257 artifice)

354 1298 509 1362 reponere
540 1279 625 1342 dicit.
661 1281 705 1343 At
734 1281 904 1343 remanent
936 1281 1012 1362 duo,
1046 1301 1184 1365 quornm
1218 1281 1357 1345 alterum
1392 1281 1483 1345 affert

353 1383 404 1447 Fr.
422 1382 549 1446 Goeller
563 1382 582 1445 l.
595 1383 614 1445 l.
632 1383 814 1446 acutissime
831 1382 1005 1447 disserens:
1030 1383 1288 1467 Ex§10verbis
1304 1386 1362 1450 has
1378 1408 1482 1451 rerum

354 1486 476 1569 formae
498 1486 631 1570 appellat
655 1486 739 1549 ἰδέα(
761 1491 870 1568 patere
892 1485 1011 1550 formas
1028 1492 1060 1550 et
1074 1488 1196 1570 figuras
1215 1509 1280 1552 non
1298 1507 1369 1552 esse
1389 1505 1482 1572 opera

356 1588 394 1651 ab
423 1587 602 1651 artificibus
631 1587 799 1670 elaborata,
832 1609 905 1652 cum
935 1591 989 1653 illa
1019 1590 1140 1654 Tullius
1170 1591 1306 1674 effigies
1338 1596 1372 1654 at
1401 1591 1483 1654 ἰδέα(

355 1695 540 1756 constanter
569 1692 696 1773 lormaS,
726 1692 856 1775 figuras,
887 1694 1010 1775 species
1037 1697 1189 1758 nominet.
1223 1695 1373 1758 Alterum
1399 1692 1483 1756 Voll-

356 1795 486 1858 behrius
509 1795 528 1857 l.
547 1793 564 1858 l.
582 1796 738 1878 opposuit.
772 1795 805 1859 Si
830 1798 917 1860 enim
947 1819 981 1861 eo
1012 1819 1089 1882 quoe
1118 1797 1172 1862 sub
1200 1799 1299 1862 oculos
1326 1799 1396 1882 ipsc
1424 1817 1482 1861 uon

355 1899 471 1963 cadunt
487 1899 574 1962 ἰδέαν
590 1898 788 1982 significaret
803 1897 938 1982 pulchri,
962 1901 1112 1981 quoniam
1133 1900 1249 1982 plurali
1265 1917 1401 1963 numero
1418 1918 1483 1962 cer-

356 2003 421 2064 tios
445 2000 596 2083 quiddam
626 2001 803 2084 significari
827 2002 964 2083 videtur,
995 1997 1166 2085 singularis
1189 2004 1296 2086 potius
1320 2009 1483 2066 9999199-

356 2103 557 2186 spectandus,
581 2107 618 2166 ut
640 2103 814 2186 legeretur:
839 2105 874 2168 id
892 2106 973 2190 quod
990 2105 1044 2170 aab
1067 2107 1166 2171 oculos
1187 2109 1288 2191 ipsum
1312 2125 1376 2170 nco
1395 2107 1483 2170 cedit.

447 2206 552 2270 Beieri
586 2223 715 2288 quoque
748 2209 1055 2289 argumentationem
1087 2213 1264 2291 praetereo,
1298 2227 1374 2272 cum
1407 2209 1485 2271 nihil

356 2310 459 2392 prosit
474 2308 530 2389 rei,
547 2307 604 2371 sed
616 2307 747 2370 inducat
762 2326 912 2390 errorem,
929 2312 1022 2392 quasi
1038 2329 1102 2374 non
1117 2312 1157 2374 ad
1174 2312 1278 2375 ideam
1295 2323 1356 2394 ree,
1374 2329 1483 2376 verum

357 2411 431 2476 idea
442 2412 481 2474 ad
494 2431 562 2475 rem
575 2411 733 2475 referatur
739 2414 770 2493 ³).
795 2413 894 2476 Porro
911 2413 943 2476 C.
957 2414 1054 2478 Peter
1066 2419 1098 2478 et
1109 2414 1146 2480 G.
1161 2414 1282 2479 Weller
1297 2415 1332 2477 in
1345 2415 1484 2478 editione
1593 2433 1594 2470 1

357 2532 441 2578 anno
459 2515 545 2577 1838
562 2515 774 2577 communitor
789 2520 900 2578 curata
915 2517 995 2600 (pag.
1013 2517 1088 2598 101)
1104 2518 1258 2582 vertendo
1275 2519 1364 2582 hunc
1380 2519 1485 2581 locum
1593 2577 1594 2586 ,

358 2618 406 2681 sic
428 2617 687 2680 illustraverunt:
716 2617 768 2681 ‘So
798 2619 857 2681 wie
886 2636 920 2681 es
947 2621 982 2681 in
1007 2619 1063 2683 der
1086 2619 1240 2703 Skulptur
1263 2619 1331 2683 und
1354 2619 1486 2684 Malerei

359 2721 413 2784 ein
430 2719 517 2782 Ideal
541 2720 617 2802 gibt,
641 2721 780 2784 welches
805 2721 860 2783 das
880 2721 1006 2786 Muster
1027 2723 1080 2785 fiir
1099 2723 1176 2786 alles
1195 2721 1309 2804 liefert,
1334 2739 1400 2786 was
1419 2721 1484 2786 sich
1593 2703 1594 2762 3

359 2826 393 2887 in
410 2824 467 2888 der
477 2824 703 2888 Wirhliohlreit
714 2826 805 2888 nicht
818 2825 977 2890 roriindet
992 2828 1080 2912 (quac
1094 2827 1149 2892 sord
1164 2829 1262 2892 oculos
1273 2847 1336 2891 999
1347 2823 1485 2907 eadnoth
1593 2851 1594 2898 1

359 2947 395 2992 so
411 2929 487 2991 muli
505 2947 539 2993 es
555 2927 638 2992 anch
653 2930 687 2990 in
704 2929 761 2992 der
778 2928 1018 2994 Beredsamlreit
1033 2930 1111 2993 sein.
1135 2927 1200 2992 Das
1212 2925 1357 2994 Letztere
1375 2929 1488 2992 dri'rclrt

360 3050 395 3097 er
418 3032 494 3096 aber
516 3047 551 3096 so
575 3049 648 3094 aus:
674 3031 801 3095 Ebenso
821 3032 926 3096 haben
945 3032 1011 3115 wir,
1035 3033 1111 3096 dh.
1130 3033 1344 3115 alleRedner,
1366 3033 1487 3096 welche

359 3135 441 3217 sind,
465 3137 526 3199 wie
550 3137 597 3199 sie
620 3136 688 3199 sein
709 3135 818 3216 sollen,
842 3137 895 3198 ein
910 3135 1084 3218 gedachtes
1100 3136 1188 3200 Ideal
1203 3137 1237 3198 in
1255 3155 1372 3200 unsrer
1389 3135 1486 3212 Seele,
1593 3113 1594 3138 ³

360 3239 416 3302 das
441 3238 509 3301 Ohr
530 3239 599 3321 gibt
621 3258 682 3301 uns
706 3257 768 3301 nur
790 3239 947 3303 zuweilen
971 3230 1066 3304 einen
1085 3239 1230 3322 Abglanz
1255 3239 1360 3304 dieses
1376 3239 1487 3304 Ideals.

360 3343 399 3405 ln
422 3345 599 3428 9999919999
621 3340 699 3422 liegt
721 3359 785 3406 von
809 3343 914 3424 selbst,
939 3343 999 3406 dail
1025 3343 1129 3406 dieser
1145 3341 1289 3425 Abglanz
1309 3361 1372 3405 nur
1389 3343 1488 3406 selten

360 3446 426 3508 und
443 3451 599 3509 herstreut
614 3462 654 3509 99
670 3446 783 3509 finden
799 3443 856 3526 ist;
882 3465 1035 3530 quaerere
1053 3445 1142 3511 heisst
1157 3446 1314 3510 nuweilen
1331 3446 1488 3530 genadezu

360 3549 589 3631 vermissen'4).
625 3549 689 3613 Hic
712 3569 770 3614 suo
794 3551 865 3614 iure
889 3555 1021 3632 quaerat
1045 3551 1211 3634 quispiam,
1238 3561 1302 3632 quo
1325 3551 1421 3614 modo
1445 3569 1487 3629 ea,
1593 3549 1594 3558 ’

454 3701 474 3770 ¹)
493 3701 533 3754 Ne
553 3701 582 3754 iu
602 3701 657 3754 illis
672 3701 784 3769 quidem
798 3702 934 3770 exemplis
947 3704 1054 3769 referre
1072 3702 1146 3756 idern
1166 3705 1209 3756 est
1227 3705 1312 3769 atque
1329 3703 1488 3770 exprimere,

361 3787 447 3840 immo
460 3787 576 3840 verbum
590 3786 702 3855 proprio
722 3803 809 3840 sensu
822 3785 982 3856 adhibetur,
1002 3787 1103 3857 quiesi
1116 3788 1191 3856 apud
1205 3785 1370 3856 Vergilium:
1384 3787 1489 3840 ‘Eume-

361 3871 441 3925 nides
467 3871 581 3924 nomine
605 3872 689 3924 refert
713 3875 853 3926 mortuum
877 3873 978 3940 avum’,
1006 3871 1080 3940 apud
1108 3871 1233 3926 Livium:
1256 3871 1372 3933 fDecius
1398 3868 1487 3939 specie

361 3957 446 4010 relert
466 3960 604 4010 mortuum
623 3958 777 4025 parentem’
796 3957 866 4025 (scil.
881 3958 912 4010 in
930 3957 1081 4011 mundum:
1100 3972 1132 4011 er
1150 3957 1243 4026 bringi
1262 3957 1384 4024 zurich).

452 4042 473 4107 ⁸)
494 4040 534 4095 cf.
548 4041 633 4094 eiiam
647 4041 692 4094 Or.
705 4042 768 4107 1593
784 4039 984 4110 16999991,
999 4043 1065 4109 1423
1084 4043 1127 4109 Ill,
1142 4043 1209 4109 111;
1229 4042 1343 4108 Brut.5;
1358 4036 1487 4110 1191991,

360 4129 407 4194 20;
422 4127 471 4193 46;
491 4128 538 4194 52;
558 4127 589 4194 ll,
608 4126 633 4180 8.

452 4213 474 4278 ³)
491 4211 630 4278 Vollbehr,
650 4211 669 4264 l.
683 4212 702 4264 l.
722 4211 814 4278 9995
834 4226 874 4278 sq.
895 4215 922 4264 et
941 4210 1060 4278 Goeller,
1080 4209 1122 4264 ed.
1143 4227 1204 4278 pag.
1219 4211 1262 4263 73.

452 4296 473 4364 ⁴)
494 4297 535 4350 Re
553 4311 621 4350 vero
639 4296 804 4364 saepissime
826 4295 980 4364 quaerendi
999 4295 1116 4348 verbum
1140 4293 1199 4346 κατ’
1218 4295 1318 4360 ἐξοχὴν
1336 4293 1485 4357 adhibetur,

363 4384 393 4433 91
412 4385 569 4448 opponatur
587 4381 750 4435 inveniendi
769 4380 864 4448 verbe,
882 4381 963 4450 quasi
982 4382 1018 4434 sit
1036 4383 1146 4447 frustra
1166 4390 1305 4448 quaerere,
1325 4379 1399 4449 quod
1417 4377 1486 4432 idern
