3270 5250
621 1296 869 1363 PRAEFATIO.

258 1499 413 1565 Profecta
438 1501 487 1560 est
513 1496 595 1558 haec
614 1494 786 1579 disputatio
810 1517 829 1560 a
852 1497 1025 1562 tractandis
1052 1499 1238 1584 fragmentis
1257 1521 1311 1584 pa-

168 1605 241 1689 pyri
262 1599 459 1684 Gocdspeed
484 1598 590 1679 1011).
625 1598 749 1676 Quibus
768 1600 925 1664 contineri
942 1602 1182 1684 epithalamium
1204 1604 1312 1668 virum

170 1709 303 1772 doctum
328 1708 419 1768 recte
444 1701 620 1767 coniecisse
638 1707 808 1786 postquam
827 1703 898 1766 aliis
922 1704 992 1767 eius
1010 1707 1138 1788 generis
1162 1709 1312 1772 carmini-

170 1811 232 1874 bus
249 1791 449 1891 comparatis
463 1805 606 1887 cognovi,
624 1805 663 1868 de
683 1805 895 1887 epithalamiis
911 1825 1005 1890 agere
1020 1809 1055 1870 in
1071 1810 1176 1872 animo
1196 1810 1310 1890 habui;

170 1913 276 1976 fusius
289 1915 401 1974 autern
415 1912 448 1972 et
461 1908 603 1971 carmina
619 1913 651 1972 et
663 1909 824 1973 orationes
836 1913 1075 1994 praeceptaque,
1089 1932 1170 1995 quae
1181 1915 1311 1995 quidem

171 2015 212 2079 ad
236 2013 411 2092 γαμηλίου(
434 2009 623 2093 pertineant,
647 2013 788 2074 tractans
806 2013 947 2096 primum
969 2014 1056 2078 locos
1080 2015 1136 2097 qui
1160 2015 1313 2081 dicuntur

172 2132 365 2181 communes
400 2117 553 2176 excutere
586 2114 807 2177 necessarium
843 2116 929 2179 duxi.
974 2120 1082 2199 Atque
1109 2119 1145 2180 in
1177 2137 1312 2182 censum

172 2221 284 2284 venire
302 2217 402 2281 facile
426 2216 618 2298 perspicitur
641 2222 830 2300 argumenta
857 2222 941 2296 περὶ
970 2220 1142 2302 ἔρωτοεῑ)
1171 2226 1202 2285 et
1228 2225 1311 2300 περὶ

171 2325 303 2402 γάμου.
329 2319 418 2383 Huic
436 2319 641 2384 dumstudeo
658 2319 848 2404 quaestioni,
864 2323 965 2386 incidi
980 2323 1015 2385 in
1031 2323 1193 2406 dialogum
1208 2325 1312 2389 inter

171 2425 339 2491 Luciani
369 2424 516 2505 scripta
544 2423 727 2486 traditum
751 2441 834 2507 eum,
859 2426 915 2507 qui
933 2426 1093 2504 Ἔρωτες
1115 2427 1311 2491 inscribitur.

172 2529 285 2610 Quem,
310 2527 464 2608 quoniam
488 2527 684 2590 omniafere
709 2545 791 2607 quae
815 2527 855 2592 de
877 2528 957 2592 locis
980 2529 1043 2592 illis
1067 2529 1313 2612 disputabantur

174 2631 350 2716 complecti
375 2629 509 2711 videtur,
529 2649 587 2713 per
602 2649 636 2692 se
653 2632 748 2710 atque
773 2630 905 2696 uberius
921 2633 1122 2695 tractandum
1139 2633 1218 2695 mihi
1241 2652 1313 2715 pro·

172 2735 275 2819 posui.
291 2734 408 2814 Itaque
420 2731 562 2796 laborem
575 2751 657 2814 eum,
671 2750 767 2813 quem
779 2734 975 2817 amplissimo
987 2735 1249 2818 pbilosophorum
1264 2755 1312 2798 or-

174 2840 243 2902 dini
258 2835 387 2917 tradidi,
408 2835 495 2899 hunc
514 2837 549 2898 in
564 2835 694 2898 modum
711 2837 874 2921 inscripsi:
900 2837 953 2901 De
976 2837 1312 2902 Pseudo-Luciani

173 2939 397 3005 ‘amoribus'
418 2958 500 3002 cum
525 2940 719 3022 prooemio
743 2943 826 3017 περὶ
850 2940 992 3017 ἔρωτος
1017 2945 1053 3004 et
1076 2943 1159 3018 περὶ
1181 2941 1310 3018 γάμου.

173 3044 236 3110 Sed
250 3063 328 3109 cum
342 3042 447 3105 ordini
459 3042 642 3125 placuisset,
658 3046 695 3103 ut
710 3061 752 3104 ex
763 3043 926 3125 prooemio
945 3043 1040 3106 tieret
1058 3045 1186 3126 propria
1204 3041 1312 3125 dispu-

174 3150 260 3230 tatio,
287 3163 372 3228 quae
395 3145 506 3228 lingua
529 3144 702 3208 vernacula
725 3145 988 3227 conscriberetur,
1013 3146 1075 3210 hoc
1097 3147 1168 3210 loco
1187 3150 1312 3209 tantum

173 3252 213 3315 de
240 3247 533 3315 Pseudo-Luciam
564 3247 766 3311 ‘Amoribus'
795 3250 854 3330 egi,
901 3247 972 3324 Quo
1005 3250 1091 3312 circa
1121 3267 1214 3331 saepe
1246 3269 1310 3312 nen

173 3343 290 3419 solum'
301 3357 334 3415 te
351 3351 390 3413 ad
408 3350 655 3434 dlaputati0nem
675 3370 745 3414 eam
763 3351 930 3433 revocabo⁷
947 3371 1042 3433 quam
1057 3373 1134 3415 mox
1150 3371 1200 3415 me
1217 3353 1311 3415 emis·

173 3476 288 3521 surum
315 3473 417 3536 spem,
447 3452 503 3516 sed
531 3453 626 3517 etiam
655 3453 859 3535 proferentur
886 3473 931 3536 ea,
960 3454 1077 3535 quibus
1105 3454 1311 3537 praemonitis

173 3579 246 3623 mea
272 3557 312 3620 de
337 3559 524 3638 argumento
548 3555 700 3619 universo
725 3556 886 3620 sententia
904 3556 1042 3638 quadam
1066 3560 1216 3639 exparte
1239 3575 1310 3639 per-

172 3663 333 3746 spiciatur
353 3663 385 3722 et
402 3659 546 3740 quaestio
565 3659 663 3722 altera
679 3659 771 3740 quasi
792 3657 980 3722 sublevetur
1000 3663 1095 3740 atque
1113 3659 1310 3740 expediatur.

265 3763 363 3826 Hanc
382 3763 514 3843 quidem
534 3762 788 3825 dissertationem
811 3762 856 3824 ita
874 3763 1007 3845 institui⁷
1031 3767 1067 3824 ut
1084 3762 1224 3844 primurn
1244 3761 1311 3824 dia-

173 3869 238 3952 logi
256 3868 524 3948 argumentum
542 3865 705 3947 referrem,
722 3863 837 3928 deinde
854 3866 924 3930 eius
940 3866 1204 3948 quaestionem
1229 3870 1310 3928 trac-

173 3977 287 4052 tarem,
314 3973 382 4030 turn
401 3969 437 4030 in
455 3969 695 4051 prooemium
714 3969 921 4051 inquirerem,
941 3969 1081 4050 denique
1099 3967 1138 4031 de
1155 3973 1310 4032 auctore
1404 4001 1407 4006 ·

270 4126 289 4194 ¹)
311 4125 405 4178 Iourn.
419 4125 489 4180 Hell.
504 4125 583 4181 Stud.
598 4125 668 4180 1903
686 4125 772 4178 XXIII
790 4125 843 4179 237
856 4143 896 4196 sq.

268 4211 293 4280 ²)
312 4209 457 4265 ClrorIcius
469 4211 581 4280 epithal.
592 4211 622 4264 in
630 4211 745 4278 Procep.
760 4210 796 4265 al.
805 4211 839 4264 37
853 4213 895 4266 ed.
908 4213 1043 4275 Foerster‚
1058 4208 1114 4262 ind.
1129 4207 1309 4264 lect.Vratisl.

172 4298 269 4371 (1891)
288 4312 316 4364 p.
330 4295 400 4363 aba
420 4295 578 4350 orationem
596 4296 752 4364 nuptialem
771 4310 886 4362 prorsus
904 4297 1033 4352 nominat
1051 4293 1138 4356 λόγον
1159 4295 1309 4362 ἐρωτικόν;

173 4386 209 4440 cf.
226 4383 315 4438 etiam
334 4379 477 4436 Menandr.
491 4381 557 4449 περὶ
577 4383 707 4435 ἐπιδεικτ.
720 4380 805 4433 ΧΙΠ1
825 4397 851 4448 p.
867 4383 926 4450 127,
939 4383 972 4437 15
992 4396 1032 4449 sq.
1045 4378 1174 4434 Bursian.
