3228 5268
791 469 904 524 Xaver
921 467 1039 534 Hurth,

680 695 718 762 D.
743 694 872 760 Oratio
896 695 936 758 in
958 693 1152 759 Basilium.

652 802 762 873 (Migue,
781 801 810 856 P.
825 799 856 855 G.
875 801 930 855 rol.
943 801 987 868 36,
1006 799 1059 854 493
1078 799 1174 870 sequ).

444 914 597 980 Omnium
621 912 766 996 Gregorii
789 912 967 976 orationum
994 909 1078 974 hano
1105 909 1245 974 maxime
1268 910 1484 992 posteriorum

352 1021 518 1086 rhetorum
540 1015 781 1080 admirationem
807 1014 943 1078 movisse
965 1011 1041 1077 inde
1059 1016 1196 1096 apparet,
1221 1013 1308 1096 quod
1326 1012 1484 1096 plurimos

353 1142 399 1190 ex
422 1142 460 1186 ea
481 1121 568 1184 locos
592 1119 709 1182 artium
732 1122 879 1184 auctores
902 1121 1117 1202 sumpserrmt,
1142 1136 1224 1200 quae
1246 1116 1401 1182 studiosis
1420 1116 1484 1181 elo-

352 1225 505 1309 quentiae
537 1220 684 1304 exempla
713 1223 935 1304 proponerent
970 1218 1122 1284 Omnium
1149 1219 1219 1282 eius
1248 1220 1485 1306 epitaphiorum

354 1328 409 1392 hic
439 1325 679 1411 copiosissimus
708 1322 960 1408 perfectissimus
990 1322 1247 1406 elegantissimus
1277 1327 1337 1388 est.
1376 1326 1484 1406 Atque

354 1435 522 1513 tantopere
549 1428 634 1492 inter
661 1426 859 1490 laudationes
887 1428 1067 1488 ceterorum
1095 1430 1256 1490 oratorum
1279 1427 1420 1509 excellit,
1448 1431 1486 1490 ut

355 1533 442 1618 apud
462 1530 658 1595 Christianos
683 1527 735 1593 vel
758 1528 844 1613 apud
859 1528 945 1612 ipsos
960 1547 1099 1611 paganos
1118 1532 1265 1594 auctores
1288 1530 1346 1592 vix
1371 1531 1485 1596 similis

354 1635 547 1702 inveniann,
572 1632 680 1710 Quid?
704 1630 831 1696 Libanii
847 1630 1090 1696 celeberrimum
1108 1630 1201 1694 illum
1224 1632 1432 1716 epitaphium,
1456 1634 1486 1698 si

355 1759 422 1806 nen
450 1741 589 1823 superat,
619 1737 650 1802 ei
678 1740 766 1800 certe
793 1752 904 1816 parem
933 1752 1003 1798 esse
1031 1733 1206 1818 putandam
1229 1733 1313 1800 hano
1338 1735 1486 1820 Gregorii

355 1843 532 1907 orationem
543 1839 661 1904 iudico.
678 1835 1485 1920 11101011111101101110,011101011111101111011111

354 1945 406 2012 vir
423 1943 636 2030 peritissimus
651 1946 747 2024 atque
764 1939 997 2024 sagacissimus,
1015 1938 1134 2020 dioit¹):
1156 1939 1319 2004 ‘Tatsache
1339 1941 1418 2006 aber
1434 1943 1483 2024 ist,

356 2049 416 2116 dail
441 2066 476 2114 es
499 2047 605 2111 sicher
627 2049 723 2108 unter
745 2041 808 2106 den
832 2041 1047 2124 christlichen,
1071 2041 1235 2106 vielleicht
1258 2044 1349 2108 nicht
1367 2046 1486 2110 einmal

355 2155 452 2216 unter
475 2148 538 2214 den
560 2148 773 2212 heidnischen
795 2145 923 2228 jemand
947 2147 1024 2230 gibt,
1053 2147 1110 2212 dor
1138 2148 1198 2210 mit
1220 2166 1255 2212 so
1278 2149 1395 2232 grosscr
1418 2149 1485 2214 und

355 2255 389 2316 in
413 2254 500 2316 ihrer
528 2254 589 2316 Art
615 2251 762 2315 wirhlich
789 2249 1215 2332 bcwundcrungswiirdigen
1242 2250 1387 2316 Technilr
1418 2253 1484 2318 und

355 2354 597 2422 Raffiniertheit
624 2353 675 2416 die
705 2350 838 2416 Gesetae
866 2350 924 2413 der
950 2351 1082 2414 antihen
1109 2351 1263 2418 Rhetorilr
1293 2354 1485 2420 beobachtct

356 2461 419 2524 wic
434 2456 552 2541 gcrade
569 2456 711 2538 Gregor',
729 2453 791 2518 hoc
809 2453 964 2518 iudicium
980 2454 1137 2538 imprimis
1153 2455 1195 2519 ad
1209 2457 1293 2522 hanc
1308 2462 1484 2526 orationem

355 2563 471 2630 referri
486 2565 599 2644 potest.
624 2559 729 2636 Quare
745 2578 810 2622 non
827 2558 971 2622 dubitavi
986 2558 1070 2622 hano
1086 2562 1271 2643 orationem,
1290 2581 1483 2646 quamquam

355 2664 547 2732 funebribus
578 2663 782 2726 adnumerari
811 2681 877 2724 non
904 2665 1016 2746 potest,
1046 2667 1084 2726 ut
1115 2664 1347 2749 demonstrabo,
1379 2669 1483 2732 tamen

357 2770 419 2832 hoc
442 2767 513 2830 loco
532 2768 677 2830 tractare,

446 2869 510 2934 Per
526 2887 560 2934 se
577 2873 686 2932 autem
697 2872 784 2952 patet
795 2867 879 2933 hanc
893 2866 1110 2934 laudationem
1126 2891 1191 2934 non
1207 2891 1246 2936 ea
1261 2871 1372 2953 forma,
1389 2892 1484 2956 quam

356 2996 445 3040 nunc
467 2979 623 3056 tenemus,
648 2995 666 3038 a
690 2973 842 3058 Gregorio
867 2973 985 3039 dictam
1009 2993 1086 3040 csse.
1111 2973 1204 3050 Quod
1228 2995 1292 3039 non
1316 2977 1421 3040 solum
1444 2995 1484 3040 cr

356 3078 508 3144 orationis
521 3077 650 3158 ambitu,
663 3075 721 3140 sed
735 3077 832 3142 etiam
844 3095 886 3141 ex
901 3075 989 3140 illius
1004 3082 1191 3160 argumento
1204 3077 1362 3142 efficitur:
1379 3098 1483 3161 neque

356 3182 443 3248 enirn
458 3183 619 3245 orationes
635 3184 742 3243 tantae
758 3178 978 3262 amphtudinis
993 3179 1154 3244 habentur
1168 3199 1277 3262 neque
1292 3181 1483 3245 crediderim

357 3289 514 3350 oratorem
524 3282 608 3366 apud
617 3282 813 3347 Christianos
825 3283 914 3347 urbis
927 3282 1108 3365 Caesareae,
1121 3284 1206 3366 apud
1217 3304 1296 3366 quos
1310 3285 1484 3349 orationem

357 3386 548 3469 Gregorium
563 3385 714 3449 habuisse
731 3405 748 3450 0
768 3386 929 3468 prooemio
950 3390 1089 3468 apparet,
1109 3386 1286 3450 Homerum
1306 3387 1483 3452 Hesiodum

356 3490 533 3554 Pindarum
546 3488 727 3552 laudavisse
742 3494 796 3552 aut
809 3488 933 3551 fabulas
945 3489 1123 3570 herocsquo
1135 3490 1342 3570 antiquorum
1350 3491 1483 3554 Graeco-

356 3612 429 3655 rmn
441 3592 777 3674 commemoravissel).
794 3591 995 3673 Quamquam
1006 3592 1086 3656 falsa
1098 3597 1184 3655 esset
1194 3594 1355 3657 sententia
1366 3613 1482 3674 eorum,

358 3695 414 3776 qui
430 3693 660 3758 contenderent
676 3692 867 3777 Gregorium
890 3693 1065 3758 orationem
1088 3694 1233 3777 linxisse,
1258 3695 1381 3760 dixisse
1403 3717 1483 3759 nun-

358 3817 462 3880 quam.
486 3795 569 3859 Nam
593 3797 732 3878 primum
754 3797 885 3878 quidem
908 3816 951 3860 ex
975 3817 1022 3880 ec,
1051 3796 1138 3878 quod
1161 3817 1273 3861 causas
1296 3798 1392 3862 affert
1414 3819 1483 3884 pro-

358 3899 488 3980 babiles,
517 3899 634 3980 quibus
661 3899 750 3981 prius
779 3899 954 3962 orationem
981 3897 1099 3962 habere
1126 3899 1325 3982 prohibitum
1352 3919 1388 3964 sc
1416 3918 1483 3964 esse

452 4040 471 4110 ¹)
489 4040 625 4094 Zeitschr.
646 4039 662 4092 l.
682 4039 846 4093 wissensch.
866 4039 996 4108 Theolog.
1017 4039 1087 4093 1893
1106 4056 1132 4093 v.
1152 4039 1311 4108 1111111.

449 4128 470 4188 ¹)
490 4123 654 4192 Gregorium
664 4123 819 4178 litterarum
827 4124 996 4178 Graecorum
1007 4124 1185 4194 antiquorum
1192 4125 1394 4193 peritissimum
1400 4126 1482 4182 fuisse

359 4212 464 4266 dudum
477 4228 503 4264 v.
517 4210 542 4264 d.
557 4209 779 4264 observaverunt
791 4213 1004 4278 statueruntque
1017 4227 1082 4264 eum
1099 4211 1227 4279 inprimis
1240 4215 1388 4280 poetarum
1401 4227 1483 4281 opera

359 4296 474 4349 novisse
488 4298 518 4347 ut
530 4293 652 4360 Homeri,
670 4292 794 4361 Hesiodi,
807 4293 996 4362 Tragicorum
1013 4296 1198 4364 Empedoclis,
1213 4295 1384 4366 Callimachi,
1398 4297 1483 4351 Theo-

360 4380 430 4447 criti,
455 4378 596 4447 Apollonii
616 4378 726 4445 Rhodii,
750 4379 837 4446 Arati,
861 4379 1004 4447 Nicandri,
1028 4379 1227 4450 Oppianorurn,
1253 4379 1396 4436 Parthenii
1419 4381 1480 4447 (vid.
