3270 5250
344 557 387 619 52
775 559 904 614 Robcrt
926 558 1042 625 Bloch,
1388 549 1477 634 [314]

342 737 402 799 τοῦ
432 733 625 810 κυβερνήτου
654 733 704 795 καὶ
731 735 786 795 τῶι
815 731 925 808 ῥοθίωι
947 734 1013 793 τῶν
1041 730 1205 806 έλατήρων
1229 729 1306 806 μετὰ
1335 730 1478 811 μικρὸνῑ)

344 837 408 900 ἀπὸ
431 839 486 912 τῆς
510 838 567 911 γῆς
590 833 790 914 ἀναχθέντες,
814 833 919 908 ἐπειδὴ
944 831 1027 909 μάλα
1054 833 1104 894 καὶ
1132 830 1262 895 κατόπιν
1290 831 1370 908 ἡμᾶς
1394 831 1478 896 ἑποί-

345 957 457 1016 μαινον
481 936 582 1017 αὖραι,
605 936 661 999 τὸν
685 935 766 999 ἱςτὸν
790 933 914 997 ἐκτῶν
938 934 1131 1011 μεςοκοίλων
1154 928 1287 1010 ἄραντες
1311 935 1477 1012 καρχηςίωι

343 1041 381 1103 τὸ
398 1041 490 1118 κέρας
500 1039 775 1116 προςεςτείλαμεν·
791 1033 842 1101 εἶτ’
857 1036 979 1113 ἀθρόας
995 1037 1073 1098 κατὰ
1085 1039 1152 1099 τῶν
1167 1035 1275 1099 κάλων
1289 1038 1346 1101 τὰς
1359 1035 1478 1101 ὀθόνας

344 1143 508 1220 ἐκχέαντες
526 1142 625 1220 ἠρέμα
643 1141 858 1219 πιμπλαμένου
877 1142 935 1204 τοῦ
954 1141 1041 1203 λίνου
1061 1138 1126 1202 κατ’
1147 1138 1241 1203 οὐδέν
1261 1135 1343 1217 οἶμαι
1364 1141 1478 1218 βέλους

345 1245 484 1308 ἐλάττονι
508 1243 613 1322 ῥοίζωι
637 1242 818 1320 διιπτάμεθα
844 1244 923 1321 βαρὺ
951 1244 1009 1304 τού
1038 1241 1173 1318 κύματος
1203 1242 1476 1321 όποβρυχωμένου
1528 1255 1532 1264 ’

343 1349 415 1424 περὶ
432 1348 490 1423 τήν
509 1347 668 1424 ςχίζουςαν
688 1343 765 1408 αὐτὸ
789 1349 942 1423 πρῶιραν.
972 1346 1001 1406 7.
1021 1343 1089 1408 ἀλλ’
1114 1341 1187 1418 άγε
1207 1345 1266 1422 μὴν
1291 1344 1326 1406 ἐν
1350 1349 1407 1407 τῶι
1426 1365 1476 1422 με-

343 1449 420 1513 ταξὺ
444 1448 608 1526 παράπλιυι
632 1451 771 1524 ςπουδῆς
789 1449 839 1510 καὶ
856 1450 980 1511 παιδιᾶς
1004 1447 1138 1525 ἐχόμενα
1161 1449 1343 1529 ςυνηνέχθη,
1368 1449 1476 1527 καιρὸς

344 1551 384 1616 ού
408 1550 491 1614 πάνυ
516 1550 666 1628 μηκύνειν.
695 1551 739 1614 ῶς
762 1553 799 1613 δέ
826 1555 880 1629 τῆς
905 1551 1033 1615 Κιλικίας
1055 1553 1111 1628 τὴν
1140 1551 1262 1630 ἔφαλον
1286 1551 1476 1630 ἀμείψαντες

344 1655 491 1733 εἰχόμεθα
513 1657 571 1717 τοῦ
595 1653 784 1733 Παμφυλίου
808 1654 939 1737 κόλπου,
969 1655 1153 1719 Χελιδονέας
1181 1654 1390 1733 ὑπερθέοντες
1418 1639 1497 1720 οὐκΙ

344 1757 460 1836 ἀμοχθὶ
481 1758 555 1820 τοὺς
583 1757 718 1834 εὐτυχεῖς
745 1761 801 1834 τῆς
824 1761 958 1821 παλαιάς
980 1757 1130 1821 Ἑλλάδος
1158 1756 1302 1837 δρουςέ)
1328 1758 1475 1835 έκάςτηι

343 1864 419 1923 τῶν
438 1860 631 1923 Λυκιακῶν
649 1860 800 1924 πόλεων
816 1861 1092 1938 ἐπεξενούμεθα
1109 1859 1217 1937 μύθοις
1231 1861 1270 1923 τά
1289 1861 1391 1923 πολλὰ
1411 1861 1475 1938 χαί·
1518 1897 1520 1902 -

344 1983 471 2040 ροντες·
492 1961 604 2026 οὐδὲν
627 1963 696 2039 γάρ
723 1963 762 2026 ἐν
788 1963 916 2026 αὐταῖς
935 1965 1051 2041 ςαφὲς
1077 1963 1318 2040 εὐδαιμονίας
1342 1963 1474 2040 δράται

345 2066 544 2142 λείψανον·
567 2064 638 2145 άχρι
656 2069 710 2142 τῆς
726 2066 871 2130 Ἡλιάδος
889 2063 1047 2142 ἁψάμενοι
1067 2063 1185 2128 Ῥόδου
1200 2066 1237 2128 τὸ
1254 2069 1393 2143 ςυνεχῶς
1415 2069 1472 2129 τού

344 2169 490 2248 μεταξὺθ)
517 2171 603 2231 πλοῡ
631 2173 838 2232 διαναπαῡςαι
861 2168 941 2246 πρὸς
969 2166 1075 2242 ὀλίγον
1099 2167 1270 2246 ἐκρίναμεν.
1311 2169 1340 2230 8.
1366 2169 1472 2246 οἱμὲν

344 2269 405 2333 οὖν
424 2270 525 2347 ἐρέται
548 2271 584 2333 τὸ
609 2270 731 2349 ςκάφος
754 2270 866 2336 ἔξαλον
890 2271 921 2333 ἐς
944 2273 1006 2346 γῆν
1025 2269 1257 2334 ἀναςπάςαντες
1275 2271 1369 2346 έγγὺς
1388 2271 1473 2348 έςκή-

343 2394 459 2456 νωςαν,
483 2376 546 2450 έγῶ
571 2374 599 2438 δ’
616 2375 853 2452 εὐτρεπιςμένου
878 2395 929 2453 μοι
953 2376 1092 2437 ξενῶνας
1120 2372 1290 2451 ἀπαντικρὺ
1313 2377 1372 2438 τοῦ
1396 2376 1473 2438 Διο-

341 2478 482 2558 νυςίουί)
498 2478 575 2541 κατὰ
595 2480 708 2555 ςχολήν
728 2477 874 2556 ἐβάδιζον
893 2477 1079 2555 ὑπερφυοῦς
1098 2474 1303 2540 ἀπολαύςεως
1323 2477 1473 2556 ἐμπιπλά-

343 2599 453 2657 μενος·
474 2579 545 2643 ἔςτι
563 2581 631 2657 γάρ
652 2578 771 2644 ὄντως
787 2579 804 2657 ἡ
822 2579 929 2642 πόλις
942 2577 1072 2659 Ἡλίου,
1088 2578 1234 2655 πρέπον
1251 2579 1388 2657 έχουςα
1407 2584 1472 2643 τῶι

344 2686 433 2745 θεῶι
460 2683 501 2745 τὸ
532 2683 674 2746 κάλλος.
706 2682 870 2760 ἐκπεριιῶν
898 2684 934 2744 δὲ
962 2682 1018 2744 τὰς
1046 2680 1080 2744 ἑν
1107 2685 1163 2744 τῶι
1186 2682 1355 2746 Διονυςίυιι
1381 2683 1471 2746 ςτοὰς

343 2785 473 2862 έκάςτην
491 2787 621 2863 γραφὴν
637 2788 839 2848 κατῶπτευον
855 2784 918 2861 άμα
936 2789 992 2847 τῶι
1009 2784 1154 2862 τέρποντι
1172 2787 1228 2860 τῆς
1247 2782 1357 2861 ὄψεως
1376 2785 1470 2864 ἡρωι-

343 2887 418 2950 κοὺς
442 2887 560 2965 μύθους
583 2887 834 2965 ἀνανεούμενος·
859 2885 935 2950 εὐθὺ
958 2886 1018 2963 γάρ
1043 2906 1093 2961 μοι
1121 2884 1170 2947 δύ’
1194 2887 1212 2963 ἢ
1236 2890 1317 2963 τρεῖς
1341 2907 1471 2965 προςερ-

344 2989 460 3066 ρόηςαν
485 2987 590 3063 ὀλίγου
615 2988 775 3067 διαφόρου
786 2989 808 3069 ⁵)
832 2991 935 3052 πάςαν
959 2988 1093 3066 ἱςτορίαν
1117 2987 1350 3067 ἀφηγούμενοι·
1374 2991 1472 3053 τὰδὲ

342 3093 443 3155 πολλά
466 3095 516 3155 καὶ
539 3090 633 3155 αὐτὸς
657 3093 781 3155 είκαςίαι
804 3092 1057 3170 προυλάμβανον.

433 3193 547 3257 Vivam
561 3194 733 3276 imaginem
743 3195 832 3274 quasi
846 3192 1004 3276 depictam
1015 3193 1170 3275 videmus,
1180 3213 1275 3275 quam
1288 3195 1471 3260 etiamnunc

344 3296 384 3360 ad
400 3298 531 3360 orientis
548 3297 815 3360 consuetudinem
838 3295 944 3359 velere
964 3315 1058 3359 nemo
1077 3297 1197 3378 estqui
1216 3297 1355 3378 nesciat3
1375 3299 1469 3362 simul

343 3401 504 3482 specimen
519 3398 679 3481 quoddam
698 3401 854 3463 sermonis
873 3399 978 3482 putidi
997 3404 1092 3481 atque
1112 3401 1216 3463 ornati
1235 3399 1355 3464 offerre
1374 3402 1470 3464 volui.

343 3502 438 3566 Nunc
461 3502 501 3565 ed
524 3520 575 3565 res
599 3504 774 3566 veniamus.

433 3627 453 3695 ¹)
473 3626 567 3680 Naber
586 3626 602 3678 l.
616 3624 737 3679 coniecit
756 3627 825 3678 κατὰ
845 3626 956 3693 μικρόν;
981 3625 1030 3680 sed
1046 3627 1133 3692 poulo
1149 3633 1329 3694 pootnavcm
1351 3629 1471 3683 solutam

343 3728 407 3765 esse
427 3711 493 3765 dicit
511 3726 569 3763 non
584 3712 732 3778 paulatim.

435 3795 744 3865 ²)cf.Aristid.1249
770 3794 863 3860 Dind.;
891 3794 925 3847 de
956 3811 987 3848 re
1013 3793 1121 3862 Busolt,
1150 3793 1257 3848 Griech.
1284 3795 1385 3850 Gesch.
1405 3795 1471 3850 1111

342 3882 434 3950 (1897)
455 3881 517 3947 354,
528 3905 548 3936 a.

433 3965 455 4034 8)
474 3965 683 4020 Sommerbrodt
705 3966 779 4020 hanc
798 3982 896 4020 vocem
916 3965 1066 4020 delendam
1085 3965 1209 4032 censuit,
1233 3981 1298 4019 cum
1325 3967 1472 4021 ‘translata

343 4051 484 4104 videretur
508 4067 542 4103 ex
561 4050 644 4104 huius
664 4067 724 4119 cop.
739 4051 819 4104 initio
844 4051 874 4102 ἐν
892 4054 946 4103 τῶι
967 4050 1066 4114 μεταξὺ
1091 4049 1253 4118 παράπλιυι,
1278 4051 1326 4105 ubi
1347 4057 1423 4106 recte
1442 4067 1472 4105 se

343 4134 447 4201 habet’3
471 4151 569 4188 verum
588 4135 761 4203 pleonastice
786 4134 881 4188 addita
901 4138 943 4188 est
966 4135 1052 4187 verbo
1076 4135 1260 4187 διαναπαθςαι
1286 4141 1314 4189 et
1337 4135 1471 4190 inusitate

344 4222 565 4370 traandsdtdcos
585 4302 661 4355 dabit
680 4304 910 4373 Preller-Robert,
930 4303 1039 4358 Griech,
1053 4301 1167 4370 Mythol.
1181 4302 1192 4354 Ι
1205 4302 1266 4371 679,
1276 4324 1300 4356 ο.

434 4387 455 4452 ⁵)
475 4387 515 4441 Dc
533 4387 587 4440 hoc
606 4387 685 4440 vocis
703 4405 757 4442 usu
783 4389 817 4442 ci.
837 4388 956 4458 Sauppe,
975 4388 1171 4456 Ausgewiihlte
1193 4387 1343 4453 Schriften,
1364 4390 1473 4458 275‚o;

343 4476 470 4525 nostrum
488 4471 577 4539 polteo
597 4471 687 4541 (Gelu)
707 4490 771 4527 cum
790 4473 975 4539 διαφέρειν
995 4473 1065 4526 satis
1085 4472 1220 4540 congruit.
