3240 5258
323 438 365 491 De
386 437 510 506 Gregorii
528 438 701 493 Nazianzeni
719 440 893 494 orationibus
911 436 1084 492 funebribus,
1201 431 1265 493 135

182 612 369 685 (κηνώματα
383 614 562 688 (κοταεμοῡ.
595 611 674 675 Cum
688 618 795 676 autem
808 610 979 694 Gregorius
993 608 1078 673 clare
1090 608 1175 672 dieat
1186 609 1265 674 haec

180 709 359 774 Davidiana
372 712 470 774 verba
483 731 560 795 esse,
572 713 646 777 fieri
658 733 721 777 non
741 719 853 797 potest,
872 712 951 795 quin
963 712 1165 795 suspicemur
1176 711 1265 774 locu-

180 814 300 877 tionem
330 815 419 878 illam
450 817 482 878 in
516 837 579 880 una
610 838 652 881 cx
681 819 744 882 illis
766 817 967 882 versionibus
988 815 1040 880 vel
1060 815 1094 877 in
1115 814 1264 897 Origenis

180 915 336 1000 Hexaplis
361 920 533 1000 exstitisse,
562 940 644 1003 quac
667 923 846 1005 perierunt,
874 921 1062 1004 praesertim
1086 938 1159 982 cum
1184 919 1264 983 haec

179 1019 294 1081 vorin
310 1021 462 1085 versione
480 1022 572 1086 LXX
587 1025 796 1108 interpretum
821 1043 988 1106 nusquam,
1012 1023 1047 1084 in
1070 1022 1209 1104 Aquilae
1233 1026 1265 1086 et

178 1121 367 1203 Symmachi
391 1127 591 1190 versionibus
616 1130 710 1191 etiam
733 1150 821 1193 nunc
843 1129 968 1212 legatur
990 1125 1113 1192 etiamsi
1142 1126 1177 1188 in
1201 1125 1262 1187 alio

178 1243 286 1290 rerum
311 1232 476 1291 contextu.

134 1324 157 1388 O
175 1327 217 1388 22
234 1328 310 1391 huic
327 1328 464 1393 alterum
480 1333 583 1396 simile
602 1333 748 1415 praehet,
773 1334 909 1416 legimus
925 1333 1027 1398 enim:
1054 1332 1123 1396 ὐἱοὶ
1140 1332 1264 1408 ἀνθρώ-

176 1431 267 1512 πων’,
297 1433 409 1508 μέτειει
432 1435 492 1512 γὰρ
516 1437 597 1513 πρὸ(
617 1435 697 1513 ὑμᾶς
717 1437 735 1500 ὁ
753 1437 854 1518 λόγος,
876 1437 948 1502 ’ἕως
964 1440 1040 1500 ποτὲ
1058 1434 1263 1514 βαρυκὰρδιοι

176 1537 225 1598 καὶ
236 1541 347 1615 παχεῖ(
358 1539 417 1614 τήν
433 1540 589 1618 διάνοιαν;
606 1541 661 1604 ἵνα
676 1543 703 1604 ri
719 1541 859 1616 ἀγαπᾶτε
875 1540 1064 1618 ματαιότητα
1080 1541 1129 1602 καὶ
1147 1542 1262 1615 Ζητεῑτε

175 1640 327 1718 metibor?
346 1638 409 1715 Qui
421 1641 511 1705 locus
529 1643 674 1706 ePsalm.
687 1645 716 1725 4,
731 1647 749 1707 3
764 1649 908 1727 sumptus
925 1648 975 1707 est
994 1644 1138 1725 exceptis
1154 1640 1262 1705 verbis

175 1743 224 1803 καὶ
239 1745 350 1819 παχεῖ(
365 1745 423 1820 τὴν
436 1745 585 1809 διάνοιαν.
618 1745 706 1822 Quae
723 1746 820 1810 verba
837 1745 1026 1830 Gregorinm
1051 1744 1136 1826 apud
1160 1763 1261 1806 unum

175 1861 192 1905 e
217 1845 333 1907 ceteris
358 1845 586 1929 interpretibus
608 1848 725 1929 legisse
749 1850 895 1931 suspicor
914 1849 982 1930 (qui
1005 1847 1047 1928 id,
1072 1847 1156 1928 quod
1176 1845 1260 1929 apud

173 1946 267 2011 LXX
280 1954 388 2012 exstat
401 1952 613 2032 βαρυκάρδιοι,
626 1953 733 2016 verbis
746 1951 905 2035 expressit
916 1954 1023 2030 παχεῖ(
1035 1950 1092 2024 τήν
1106 1947 1260 2028 διάνοιαν)

173 2056 269 2132 atque
294 2052 380 2114 hanc
397 2053 690 2137 interpretationem
710 2057 851 2120 versioni
866 2053 961 2119 LXX
977 2055 1189 2135 interpretum
1205 2051 1260 2114 ad-

173 2151 300 2218 didisse.
333 2154 448 2236 Neque
468 2159 554 2220 enim
579 2158 770 2222 crediderim
793 2158 847 2221 illa
872 2156 967 2221 verba
987 2155 1134 2237 Gregorii
1157 2155 1259 2237 ipsius

172 2273 250 2336 esse,
274 2275 350 2319 cunr
377 2255 517 2322 dubitem
541 2281 621 2323 num
645 2279 741 2324 ausus
765 2263 807 2324 sit
836 2280 894 2323 sua
922 2258 1018 2324 verba
1041 2263 1137 2338 atque
1159 2257 1258 2320 inter-

170 2361 373 2439 pretamenta
386 2360 415 2422 ei
427 2360 496 2424 loco
509 2364 661 2444 inserere,
674 2364 730 2444 qui
742 2367 827 2426 totus
840 2383 858 2427 e
871 2363 1035 2445 Scriptura
1047 2365 1192 2442 sumptus
1209 2361 1258 2422 sit.

129 2457 155 2520 G
171 2463 212 2524 15
237 2463 386 2526 eiusdem
402 2465 601 2529 condicionis
625 2469 672 2529 est
694 2465 791 2547 locus,
814 2466 868 2528 ubi
883 2466 1036 2548 legimus:
1055 2513 1061 2525 .
1079 2513 1085 2525 .
1103 2513 1108 2525 .
1127 2462 1145 2526 ὅ
1166 2481 1258 2541 φηςιν

169 2566 418 2642 Ἐκκληειααήε·
433 2566 514 2645 ὁρμή
527 2589 571 2632 τι(
581 2567 761 2646 αὐτόνομος
771 2569 1004 2646 καὶπροαίρεειε
1014 2566 1198 2643 πνεύματος.
1215 2567 1260 2628 At

170 2665 369 2747 ‘l'lpouipecrc
384 2668 573 2746 rveduuroc’
589 2671 708 2752 legitur
719 2670 840 2734 Ecclcs.
856 2674 872 2733 l
890 2674 927 2734 17
946 2688 1053 2751 neque
1071 2687 1145 2732 vero
1163 2668 1257 2745 ‘opud

168 2793 211 2836 nc
234 2771 431 2849 αὐτόνομοὸ
456 2772 540 2855 apud
564 2773 658 2836 LXX
681 2774 800 2837 inveni.

212 2875 320 2939 Geteri
345 2874 409 2937 loci
434 2875 521 2938 eVT
545 2876 651 2939 hausti
674 2894 784 2939 omnes
807 2875 947 2939 reddunt
964 2876 1148 2938 versionem
1163 2874 1257 2938 LXX

126 2975 450 3061 interpretum3unde
460 2982 547 3061 patet
556 2979 667 3061 paucis
677 2977 848 3041 admodum
858 2976 937 3041 locis
948 2975 1081 3040 aliorum
1092 2979 1257 3041 versiones

125 3078 308 3144 adhibuisse
335 3080 536 3162 Gregorium.
568 3082 673 3158 Quare
702 3082 827 3162 haereo,
854 3085 964 3143 utrum
987 3078 1134 3162 Aquilae,
1164 3079 1256 3161 Sym-

125 3184 234 3265 machi,
258 3183 490 3246 Theodotionis
506 3184 708 3248 versionibus
724 3185 802 3267 ipsis
819 3201 897 3245 usus
917 3183 966 3262 sit,
990 3201 1031 3244 an
1048 3201 1090 3244 ex
1108 3180 1256 3264 Origenis

123 3283 279 3370 Hexaplis
310 3286 443 3348 illorum
470 3287 748 3371 interpretationes
778 3286 927 3348 hauserit.
965 3285 1072 3366 Atque
1101 3284 1162 3347 hoc
1181 3293 1256 3346 'mea

123 3391 280 3453 sententia
299 3389 443 3451 maxime
463 3389 627 3471 probabile
647 3394 702 3452 est
735 3387 768 3452 Si
789 3387 878 3451 enim
898 3387 1086 3468 Gregorium
1107 3385 1254 3467 Origenis

122 3489 277 3576 Hexaplis
294 3510 395 3554 usum
411 3510 481 3555 esse
497 3494 676 3574 statuimus,
700 3490 795 3555 facile
811 3488 1035 3571 intellegimuS,
1061 3508 1119 3551 cur
1134 3490 1256 3572 aliquot

120 3591 197 3658 locis
228 3595 312 3658 duas
345 3592 490 3657 eiusdem
518 3594 580 3659 loci
604 3597 768 3659 versiones
792 3591 951 3675 praebeat.
987 3591 1143 3675 Origenes
1167 3594 1254 3656 enim

121 3697 158 3759 ad
170 3697 317 3780 singulos
326 3696 416 3758 locos
432 3700 540 3760 textus
556 3698 699 3763 hebraici
714 3695 856 3778 singulas
872 3696 1037 3758 versiones
1054 3701 1252 3779 apposuerat.

121 3798 226 3880 Atque
251 3799 376 3862 scimus
394 3795 666 3881 olympiodorum,
692 3800 747 3880 qui
770 3799 903 3861 ineunte
920 3799 1046 3862 saeculo
1066 3805 1157 3863 sexto
1181 3800 1253 3883 fuit,

119 3903 214 3966 trium
237 3903 370 3966 illorum
396 3900 607 3983 interpretum
632 3903 797 3966 versiones
822 3918 864 3962 ex
888 3899 1035 3982 Origenis
1060 3921 1154 3984 opere
1175 3903 1254 3966 hau-

119 4006 196 4069 sisse
207 4007 238 4085 1).
270 4004 390 4086 Neque
424 4022 496 4066 vero
530 4005 631 4068 audeo
664 4024 705 4068 ex
736 4002 811 4066 solis
841 4002 890 4066 his
920 4005 1021 4067 trihus
1055 4005 1253 4071 orationibus

119 4114 239 4173 certum
272 4107 438 4171 iudicium
470 4105 509 4171 de
541 4110 698 4193 Hexaplis
731 4129 749 4172 a
782 4107 933 4193 Gregorio
967 4111 1117 4175 adhibitis
1149 4112 1251 4186 ferre:

117 4213 223 4294 plures
247 4213 414 4277 orationes
438 4209 636 4277 adhibendae
660 4217 763 4277 erunt.

207 4357 226 4426 ¹)
246 4351 496 4421 Krumbacher,
516 4354 664 4423 Byzantin.
683 4340 1003 4429 Literaturgeschichte²
1022 4371 1065 4426 pg.
1081 4355 1142 4408 127.
