3270 5250
146 491 237 582 [271]
456 501 457 504 ’
491 508 530 561 De
549 509 790 568 Pseudo-Luciam
809 517 966 574 Amoribus.
1270 529 1291 592 9

145 679 265 740 amori
286 677 422 741 deditus
439 679 579 760 (9-10).
605 681 667 758 Qui
686 704 759 748 cum
778 689 839 770 ipsi
859 710 986 773 quoque
1004 695 1039 757 in
1054 696 1179 764 Italiam
1197 708 1289 769 navi-

144 804 220 867 gare
245 783 380 862 vellent,
410 781 507 844 simul
533 784 595 846 iter
620 785 729 850 facere
754 789 956 875 Cnidumque
983 816 1098 862 navem
1126 806 1287 887 appellere

143 891 267 973 placuit
295 887 338 950 ad
368 886 543 950 Praxitelis
567 888 728 954 Venerem
742 897 1042 983 contemplandam.
1077 903 1144 968 Iam
1172 909 1212 972 fit
1236 912 1286 976 ἔκ-

143 1015 258 1074 φραςις
285 993 345 1056 illa
374 991 542 1054 notissima
569 996 627 1055 τοῦ
657 994 692 1057 ἐν
718 995 829 1060 Κνίδιοι
856 1001 1004 1076 τεμένους
1032 1008 1161 1072 καὶτοῦ
1191 1011 1285 1088 ἀγάλ-

142 1119 241 1175 ματος
268 1102 327 1174 τῆς
352 1094 575 1175 Ἀφροδίτηςῑ)
599 1097 765 1183 (ΙΙ-14),
800 1099 839 1162 In
863 1102 1034 1171 simulacro
1059 1113 1283 1195 perspiciendo

140 1205 342 1265 memoratur
355 1197 545 1260 adulescens
560 1198 623 1280 ille,
637 1201 693 1280 qui
705 1221 812 1266 amore
827 1204 940 1269 insano
961 1219 1139 1278 commotus
1160 1222 1283 1286 statuae

141 1306 306 1368 ςυνουςίας
316 1307 418 1365 causa
427 1303 699 1384 appropinquasse
708 1304 813 1369 fertur
822 1308 986 1392 (15-16).
1001 1312 1230 1390 Quamobrem
1242 1325 1282 1391 de

139 1407 306 1470 amoribus
339 1404 487 1486 quaestio
518 1405 632 1488 oritur,
663 1427 738 1471 cum
764 1410 857 1474 illum
884 1419 1034 1482 παιδικῶς
1056 1428 1279 1503 προςομιλῆςοι

139 1509 217 1574 deae
246 1511 342 1591 signo
373 1505 483 1570 credat
510 1505 726 1572 Callicratidas
753 1513 827 1592 (17).
867 1513 1046 1597 Disputatio
1078 1521 1215 1588 habetur
1243 1532 1278 1593 in

139 1611 325 1677 deversorio
351 1608 607 1692 amoenissim02)
631 1613 711 1693 (18);
743 1619 840 1696 atque
869 1617 949 1682 haec
975 1621 1045 1686 fere
1073 1625 1111 1688 ab
1140 1633 1279 1713 utroque

138 1715 388 1801 explicantem).

226 1821 445 1884 Transeamus
456 1836 544 1880 nunc
555 1819 593 1881 ad
606 1838 675 1883 rem
688 1821 798 1903 ipsam.
816 1823 1027 1912 Charicles,
1041 1837 1276 1904 matrimonii

136 1930 337 2005 patronus,
358 1919 458 1983 totius
477 1925 608 1984 naturae
626 1920 837 1989 fundamenta
855 1928 910 1991 illo
931 1933 1088 1996 contineri
1108 1939 1274 2025 explanat3

135 2025 168 2088 id
192 2027 231 2090 ab
251 2026 347 2090 initio
372 2023 473 2086 fuisse
496 2024 571 2103 (19).
606 2024 685 2087 Tum
706 2027 795 2090 cultu
815 2029 955 2096 humano
975 2039 1071 2117 atque
1091 2040 1178 2103 civili
1202 2064 1274 2126 pro-

134 2136 248 2212 pagato
275 2133 308 2192 et
332 2125 552 2208 voluptatibus
575 2127 717 2192 inductis
745 2151 883 2196 amorem
913 2156 1086 2218 puerorum
1112 2146 1273 2213 exstitisse

134 2233 309 2313 (20—2l);
349 2230 438 2292 hunc
472 2231 578 2294 autem
614 2251 683 2296 esse
718 2235 859 2299 alienum
894 2259 913 2301 a
947 2247 1060 2306 natura
1094 2246 1269 2316 bestiarum

135 2338 291 2421 exemplis
321 2334 452 2418 probari
482 2335 556 2416 (22).
600 2333 693 2411 Quod
722 2338 845 2401 παίδων
878 2341 980 2419 ἔρωτα
1011 2363 1076 2408 non
1107 2353 1269 2418 ςυνουςίας

133 2439 188 2504 sed
214 2442 320 2520 φιλίας
349 2457 420 2502 esse
447 2457 522 2520 prae
547 2457 580 2501 se
607 2438 719 2522 ierant,
749 2440 928 2506 Socraticos
951 2445 1156 2529 impudenter
1178 2473 1268 2518 men·

132 2544 193 2624 tiri,
224 2563 301 2607 cum
331 2561 471 2605 amorem
499 2560 673 2624 puerorum
703 2562 822 2626 eorum,
853 2546 909 2626 qui
933 2552 1075 2632 corporis
1102 2553 1182 2619 flore
1211 2576 1268 2621 er-

133 2647 258 2728 cellant
283 2645 390 2710 solum
410 2643 514 2723 ςοφόν
539 2663 608 2707 esse
631 2664 726 2708 nemo
750 2647 855 2712 animo
881 2655 1143 2738 comprehendat;
1168 2660 1266 2725 immo

132 2749 302 2826 φιλονὲους
331 2746 404 2809 illos
433 2764 502 2809 esse
530 2766 596 2809 non
625 2749 825 2828 φιλοςόφου(
850 2753 1014 2838 (23-24).
1054 2761 1162 2842 Atque
1192 2763 1266 2845 plus

131 2850 322 2933 voluptatiS,
367 2869 463 2931 quam
501 2868 646 2912 normam
689 2856 830 2916 statuant
869 2856 1088 2924 Callicratidae
1130 2864 1264 2949 sodales,

130 2953 285 3033 praebere
309 2949 498 3015 muliebrem
523 2971 619 3033 quam
641 2955 798 3036 puerilem
817 2977 965 3043 amorem,
991 2982 1064 3025 cum
1089 2965 1149 3030 hoc
1173 2967 1264 3034 brevi

129 3053 183 3119 illo
208 3055 264 3119 diu
293 3054 392 3117 liceat
414 3053 480 3116 frui
503 3055 667 3138 (25-27).
691 3057 815 3123 Verum
838 3063 866 3124 si
890 3083 996 3128 amore
1018 3067 1104 3131 inter
1127 3089 1161 3133 se
1186 3091 1262 3135 con·

128 3156 306 3239 iungantur
330 3156 399 3236 viri,
427 3156 514 3220 idem
538 3161 746 3240 experiantur
767 3165 906 3231 feminae
929 3170 1011 3250 (28)l
1029 3172 1261 3257 —Postquam

129 3257 273 3342 Lycinus
297 3277 401 3341 pauca
423 3259 591 3343 interiecit,
616 3283 737 3346 nempe
767 3273 803 3330 ut
825 3269 1080 3338 adversariorum
1104 3278 1189 3342 vires
1212 3300 1262 3344 re-

126 3362 315 3444 ficiantur4)
342 3362 417 3443 (29),
446 3361 717 3430 Callicratidas
745 3373 939 3455 respondere
967 3395 1123 3460 suamque
1151 3382 1261 3446 deien-

127 3465 203 3531 dere
226 3467 422 3531 sententiam
445 3467 568 3549 incipit
604 3469 749 3536 Primum
769 3475 899 3555 quidem
923 3478 962 3540 ad
987 3498 1125 3563 eaquae
1148 3485 1260 3549 ultima

125 3570 294 3652 proposuit
325 3568 486 3633 Charicles
517 3574 664 3653 spectans
694 3595 769 3639 eum
800 3580 956 3661 optimum
984 3583 1178 3650 feminarum
1206 3588 1259 3653 de-

219 3731 238 3798 ¹)
258 3729 299 3784 Cf.
320 3728 412 3783 Schol.
432 3731 546 3786 Lucian.
566 3749 591 3800 p.
606 3735 667 3803 204,
688 3736 721 3789 12
732 3753 771 3806 sq.
791 3740 877 3794 Rabe.

215 3815 237 3883 8)
256 3816 394 3884 Exempla
413 3815 490 3871 dabit
508 3817 646 3888 wilhelm,
667 3821 766 3876 Rhein.
786 3823 855 3878 Mus.
878 3827 947 3882 1902
966 3829 1034 3884 LVII
1047 3832 1090 3900 64,
1102 3856 1122 3886 1.

215 3900 237 3969 ³)
256 3901 290 3954 Et
309 3901 402 3955 medio
422 3901 465 3970 (31
477 3918 501 3970 p.
512 3903 576 3966 432)
597 3909 624 3958 et
643 3911 769 3962 extremo
789 3908 939 3983 (cepaea)
951 3915 1062 3986 dialogo
1076 3917 1157 3972 Cnidi
1172 3923 1256 3988 atque

123 3983 193 4038 deae
220 3984 340 4062 Gnidiae
363 3987 535 4041 mentionem
558 3989 619 4044 fieri
642 3991 700 4046 iam
723 4010 798 4048 nunc
818 4000 984 4069 monuerim,
1004 4006 1035 4056 ut
1053 4004 1107 4058 hoe
1126 4004 1156 4057 in
1175 4021 1256 4072 argu·

122 4074 217 4124 mento
237 4073 328 4124 totum
348 4070 490 4141 dialogum
509 4076 618 4129 versari
639 4084 782 4146 appareat.

211 4155 234 4224 4)
255 4154 390 4210 Similiter
416 4160 501 4225 atque
526 4159 606 4215 Plato
633 4161 662 4215 in
689 4164 839 4222 Phaedone
866 4169 955 4241 (840)
986 4173 1098 4228 silentio
1122 4171 1256 4228 universo

122 4240 221 4294 effecto
246 4239 388 4309 dialogum
413 4247 548 4310 quantum
572 4246 609 4300 ad
629 4250 863 4317 compositionem
881 4256 1002 4324 pertinet
1020 4258 1050 4312 in
1069 4260 1140 4314 duas
1158 4262 1255 4325 partes

122 4321 229 4392 divisit;
250 4325 284 4378 cf.
305 4324 502 4396 wincelaum,
522 4330 686 4386 Festschrift
705 4351 756 4388 zur
774 4336 816 4390 46.
837 4338 1001 4396 Versamml.
1021 4344 1170 4399 deutscher
1183 4342 1255 4399 Phil.

121 4421 145 4460 u.
165 4409 300 4475 Schulm.‚
320 4409 474 4481 Straliburg
494 4413 571 4481 1901,
592 4415 644 4470 287
656 4435 696 4487 sq.
