3270 5250
165 459 255 546 [305]
507 465 547 520 Da
565 465 807 524 Pseudo-Luciam
826 471 990 528 Amoribus.

652 1211 755 1294 Caput
776 1211 835 1278 111.

481 1353 538 1418 nu
561 1353 740 1418 ninuoai
762 1355 998 1426 Paoonnio.

632 1455 676 1537 (o.
700 1459 852 1532 ir-nl

255 1602 425 1670 Prooemii
443 1606 532 1683 parte
556 1602 675 1664 maiore
694 1603 838 1682 (lt—17
865 1623 895 1685 p.
912 1607 1081 1690 loa-18)
1104 1629 1156 1674 res
1176 1610 1310 1681 Gnidiae

164 1711 366 1785 tractantur3
385 1705 436 1766 his
453 1705 487 1766 in
500 1703 719 1768 describendis
736 1725 817 1786 quos
834 1714 966 1772 secutus
983 1711 1024 1775 sit
1037 1717 1184 1776 auctores
1201 1721 1311 1782 noster

164 1814 346 1877 videamus
384 1807 576 1888 Priusquam
600 1812 707 1870 autem
733 1808 767 1870 id
791 1811 1029 1896 aggrediamur,
1054 1818 1235 1896 argumenti
1258 1821 1310 1884 vis

165 1921 263 1998 atque
288 1909 476 1995 signifactio
499 1909 638 1972 breviter
661 1910 848 1976 disserenda
872 1921 928 1978 est.

109 2015 111 2020 ’
257 2020 394 2094 Auctor,
416 2031 487 2075 curn
508 2011 547 2074 ud
564 2012 800 2077 adulescentem
817 2017 873 2092 τῆς
890 2021 966 2080 θεοῦ
983 2019 1154 2097 ἐραεθὲντα
1170 2021 1305 2100 (15-17

164 2117 376 2205 pum-17)
397 2133 577 2178 sermonem
597 2115 795 2180 delabentem
815 2116 901 2201 facit,
921 2120 983 2203 ipsi
1003 2122 1150 2198 ευγκρίεει
1175 2123 1306 2201 ἐρώτων

163 2224 372 2308 prooemium
401 2217 454 2281 dat
482 2237 546 2280 non
571 2217 663 2282 modo
689 2220 919 2302 compositione
944 2223 1000 2286 sed
1024 2224 1119 2287 etiam
1143 2243 1187 2288 re.
1223 2225 1306 2293 Nam

164 2333 226 2395 etsi
246 2328 416 2393 ἀλλόκοτοι
440 2323 518 2387 tales
541 2324 655 2401 ἔρωτες
678 2324 829 2407 permulti
840 2325 861 2405 ¹)
884 2328 1057 2391 memoriae
1082 2333 1208 2392 nostrae
1232 2352 1306 2413 pro-

164 2433 224 2496 diti
237 2435 324 2511 sunt,
335 2434 443 2491 tamen
460 2427 494 2488 in
508 2431 654 2489 nostrum
666 2426 775 2490 locum
786 2427 904 2490 Iuliani
916 2430 1076 2512 sophistae
1093 2431 1148 2493 illa
1165 2434 1204 2514 (p.
1217 2434 1268 2516 26,
1279 2438 1305 2518 a)

165 2537 300 2614 cadunt,
328 2532 401 2594 dieo
422 2535 545 2593 statuae
564 2549 703 2593 amorem
724 2531 956 2594 eonferendum
973 2551 1043 2596 esse
1064 2553 1089 2596 e.
1106 2553 1135 2614 g.
1156 2553 1228 2596 oum
1250 2541 1304 2614 βα-

165 2643 299 2716 ειλίννηε
325 2637 358 2699 et
373 2632 510 2714 Dionysi
535 2634 617 2715 signi
638 2633 827 2716 carpetrae),
851 2653 967 2718 nempe
991 2655 1064 2698 cum
1089 2636 1173 2713 ἱερῶι
1191 2637 1303 2715 γάμωι.

163 2741 281 2825 Neque
314 2738 433 2800 mirum
464 2736 655 2818 antiquitate
686 2741 826 2800 exeunte
851 2737 998 2801 homines
1026 2743 1063 2800 ut
1091 2738 1168 2800 alios
1197 2758 1303 2805 mores

164 2851 264 2926 atque
283 2840 432 2904 instituta
455 2838 499 2900 ita
522 2858 663 2901 amorem
682 2857 852 2920 puerorum
872 2839 1027 2922 religione
1051 2859 1207 2904 excusare
1230 2861 1303 2923 pro-

163 2948 242 3013 bare
256 2945 375 3009 fulcire
389 2941 551 3006 studuisse
561 2943 592 3022 ³).
617 2942 687 3005 Hac
696 2943 795 3024 igitur
804 2940 843 3004 de
854 2942 1067 3006 causafabula
1077 2946 1300 3025 praemittitur.

256 3051 328 3113 Iam
351 3051 519 3109 auctorum
539 3045 683 3127 quaestio
703 3043 919 3126 aggredienda
942 3050 998 3108 est.
1023 3045 1070 3108 De
1090 3045 1150 3108 hac
1170 3047 1302 3128 quidem

161 3157 276 3218 actum
292 3149 429 3229 videtur,
448 3167 521 3210 cum
537 3147 625 3210 hunc
640 3146 775 3209 Luciani
792 3146 990 3229 ‘imaginum'
1007 3150 1040 3231 (4
1055 3168 1084 3230 p.
1099 3150 1176 3230 462)
1192 3149 1301 3214 locum

160 3254 368 3321 iamdudum
385 3251 446 3312 viri
463 3250 548 3343 docti
564 3250 775 3313 contulerint:
794 3251 883 3313 Ἀλλὰ
903 3253 952 3314 καὶ
967 3253 1024 3315 τὸν
1041 3257 1144 3330 μῦθον
1157 3251 1301 3339 ἤκουεαε,

161 3361 204 3424 ὃν
229 3360 352 3432 λὲγουει
381 3355 409 3416 οἱ
438 3353 597 3432 ἐπιχώριοι
621 3353 686 3434 (scl.
712 3353 835 3433 Κνίδιοι)
858 3355 928 3430 περὶ
956 3351 1054 3431 αὐτῆς
1081 3355 1146 3435 (sol.
1174 3359 1300 3435 Ἀφροδ.

163 3463 272 3543 aaa),
293 3461 338 3522 ὡς
358 3457 496 3537 ἐραεθείη
515 3477 559 3520 uc
582 3461 639 3520 τοῦ
657 3456 833 3534 ἀγάλματοε
852 3459 902 3520 καὶ
920 3459 1028 3520 λαθὼν
1045 3459 1247 3541 ὑπολειφθεὶς
1267 3463 1301 3526 ἐν

162 3567 250 3646 ἱερῶι
271 3563 450 3638 ευγγὲνοιτο
468 3561 512 3624 ὡς
528 3561 664 3624 δυνατὸν
682 3559 838 3638 ἀγάλματι.
862 3562 958 3623 τοῦτο
976 3561 1080 3637 μέντοι
1100 3561 1203 3627 ἄλλω(
1222 3564 1302 3627 icio-

161 3702 383 3716 -—.—

256 3768 278 3837 ¹)
298 3767 337 3820 Cf.
352 3767 415 3819 Pott
434 3765 471 3818 ad
490 3765 575 3820 Clem.
594 3765 672 3820 Alex.
693 3769 814 3834 protrep.
829 3765 863 3818 57
883 3766 928 3833 (IV
941 3766 976 3819 36
995 3765 1131 3838 Dindorf).

255 3854 276 3922 2)
295 3850 420 3916 Aristot,
433 3867 472 3919 rp.
486 3851 640 3917 Ath.1115;
661 3851 694 3904 cl.
709 3849 857 3917 Dieterich,
876 3850 1113 3921 Mithrasliturgie‚
1129 3855 1190 3909 127.
1204 3854 1243 3908 De
1257 3870 1302 3908 ar-

162 3941 299 4011 gumento
324 3936 458 3989 universo
483 3935 538 4005 egit
556 3935 756 4001 Reitzenstein,
780 3935 924 3990 Hellenist.
938 3935 1176 4008 Wundererzahl,
1198 3937 1249 3991 139
1259 3955 1300 4007 sq.

259 4023 281 4092 3)
302 4023 332 4075 K.
347 4020 451 4088 Lange,
464 4021 566 4075 Wesen
586 4020 635 4074 der
654 4020 743 4074 Kunst
757 4018 849 4090 (1901)
862 4022 885 4074 ll
900 4021 951 4076 148
962 4037 1002 4089 sq.
1022 4021 1092 4076 illud
1111 4025 1195 4081 λλθωι
1215 4040 1302 4090 προε-

164 4112 274 4175 ομιλεῖν
294 4110 393 4161 natum
414 4117 476 4160 esse
496 4105 624 4174 exposuit
651 4123 685 4158 ex
709 4103 811 4158 animis
838 4107 1003 4174 babylonia,
1030 4123 1088 4161 non
1114 4110 1301 4175 ‘aestbatieia’;

163 4200 241 4250 necte
262 4192 385 4262 quidem,
412 4196 609 4258 praeterquam
634 4190 708 4258 quod
732 4189 774 4242 vir
799 4190 898 4245 doctus
918 4190 1121 4260 religionem
1141 4201 1169 4252 et
1193 4199 1302 4250 artem

162 4281 238 4335 inter
258 4297 289 4334 se
303 4293 362 4332 non
376 4276 522 4346 seiungere
536 4277 587 4331 sed
606 4277 816 4344 coniungere
836 4277 932 4331 debuit
946 4276 1021 4345 apud
1034 4277 1172 4348 Graecos;
1191 4279 1302 4334 accedit

163 4369 239 4420 certe
254 4362 343 4418 libido
358 4361 505 4431 quaedam,
526 4378 543 4415 a
557 4378 613 4430 qua
626 4379 726 4417 sensus
736 4361 833 4430 purior
843 4367 926 4433 atque
938 4363 1040 4418 elatior
1050 4365 1243 4426 alienissimus
1257 4364 1301 4419 sit.
