3240 5258
304 497 345 551 De
364 494 489 564 Gregorii
507 493 678 549 Nazianzeni
696 493 870 548 orationibus
890 492 1061 549 funebribus.
1179 488 1242 549 155

110 671 277 735 stantiven
299 667 368 732 und
391 666 586 730 Pronomina
609 665 664 730 des
684 666 795 748 hiterii,
820 665 936 729 einmal
955 666 1039 729 auch
1059 665 1117 727 mit
1134 663 1242 748 (ὅ)που

109 773 198 838 statt'
221 771 371 854 Gregorii
395 768 523 852 quidem
548 787 609 831 usu
633 769 849 832 confirmatur.

1 949 2 958 χ
204 877 232 938 3.
256 873 374 956 Neque
397 872 535 956 gravior
552 873 601 934 est
627 872 733 934 hiatus
757 871 783 934 B
806 872 847 935 68
872 873 931 950 χρὴ
956 872 1059 951 εἰπεῖν,
1083 891 1157 935 cum
1182 871 1242 950 χρή

1 963 2 974 ’
107 979 229 1040 iterum
253 978 296 1040 sit
322 975 578 1057 monosyllabon3
604 980 746 1038 ceterum
770 979 895 1058 praesto
920 980 969 1038 est
991 975 1122 1056 medela,
1147 994 1244 1057 quam

107 1085 219 1144 tamen
248 1078 505 1143 commendatam
535 1080 667 1143 minime
691 1079 779 1142 volo:
812 1082 916 1158 χρεὼν
947 1081 1054 1162 εἰπεῖν,
1085 1085 1123 1143 ut
1151 1079 1242 1143 Plato

107 1202 213 1247 senex
237 1183 346 1246 hiatus
371 1182 492 1245 vitandi
516 1202 613 1246 causa
635 1183 771 1265 scripsit.

200 1287 230 1349 4.
256 1284 333 1348 Alia
356 1291 404 1349 est
427 1303 477 1348 res
500 1286 534 1348 in
557 1291 602 1368 τῷ
626 1287 746 1368 ποτίμῳ
770 1284 860 1350 ὕδατι
880 1286 906 1349 Β
924 1288 981 1365 54;
1006 1286 1243 1369 Theophrastus

108 1387 233 1450 hiatum
258 1387 316 1467 qui
344 1385 501 1449 adiectivo
529 1384 714 1450 attributive
742 1389 845 1470 posite
875 1389 1025 1470 efficitur,
1054 1409 1121 1452 non
1145 1391 1241 1453 anxie

108 1489 254 1572 cavebat,
270 1488 356 1570 quod
368 1487 577 1571 Hindenlang
596 1489 735 1552 amioum
752 1489 843 1554 brevi
854 1491 1063 1572 probaturum
1080 1510 1150 1556 esse
1167 1493 1242 1556 scio.

106 1593 245 1658 Restant
267 1592 369 1675 igitur
390 1610 504 1673 graves
528 1591 635 1654 hiatus
658 1595 740 1656 tres:

200 1699 231 1760 5.
248 1696 327 1760 Post
343 1696 554 1781 dipthongum
571 1715 616 1758 or:
641 1696 685 1760 ihc
705 1694 870 1774 ἄνθρωποι
893 1695 1132 1778 ἀποθνῄτκομεν
1154 1696 1243 1760 022.

200 1798 229 1860 6.
255 1796 335 1860 Post
357 1797 500 1861 vocalem
520 1817 567 1860 m:
593 1799 802 1876 μεριζομένοιτ
826 1795 861 1860 ἐν
884 1797 988 1880 ταύτῷ
1012 1798 1100 1874 ἡνία(
1119 1801 1168 1861 καὶ
1188 1797 1245 1875 μά-

107 1922 211 1977 curor
236 1901 265 1964 Β
283 1901 334 1982 22,
360 1920 457 1982 quem
479 1902 601 1966 hiatum
626 1922 668 1966 ne
687 1902 858 1966 verborum
881 1903 1068 1966 traiectione
1087 1904 1243 1985 (μάετιγαε

106 2008 154 2069 καὶ
171 2005 276 2085 ἡνίας)
292 2003 394 2085 tollas,
416 2004 566 2086 prohibet
589 2024 685 2086 quem
704 2011 810 2069 orator
828 2003 990 2088 significat
1008 2003 1101 2068 Hom.
1121 2005 1150 2068 Ψ
1170 2005 1242 2068 641.

196 2111 227 2172 7.
255 2106 319 2184 Qui
341 2107 420 2171 item
445 2113 518 2190 post
547 2108 689 2172 vocalem
712 2129 739 2172 ω
766 2109 932 2172 invenitur
960 2107 1065 2170 hiatus
1087 2106 1115 2169 B
1135 2109 1169 2169 l:
1195 2105 1241 2170 ὧν

104 2212 163 2289 γὰρ
187 2212 270 2275 τοὺ(
294 2208 441 2274 ἐπαίνους
465 2207 545 2292 οἴδα,
569 2210 692 2274 τούτων
717 2215 827 2288 camme
850 2212 900 2273 καὶ
923 2211 978 2274 τὰ(
1001 2207 1168 2274 ἐπιδότειε·
1193 2209 1243 2272 ἐπ’

105 2311 245 2376 οὐδενὸς
268 2310 330 2374 οὖν
352 2313 418 2373 τῶν
435 2309 585 2374 ἁπάντων
601 2311 659 2375 οὐκ
678 2311 757 2376 ἔετιν
773 2311 825 2390 ἐφ’
843 2310 907 2394 ὅτῳ
925 2312 995 2390 οὐχὶ
1009 2315 1074 2374 τῶν
1091 2309 1243 2375 ἁπάντων

105 2413 276 2501 scriptioni
288 2411 426 2475 debetur
435 2414 618 2496 corruptam
636 2418 745 2477 carent
757 2413 843 2477 enim
855 2414 952 2478 verba
964 2414 1130 2494 sententia,
1148 2433 1243 2496 quam

105 2517 167 2580 nisi
196 2516 294 2579 libris
326 2516 552 2597 manuscriptis
583 2516 814 2599 opitulantibus
844 2537 910 2580 non
937 2537 1031 2602 posse
1059 2519 1243 2602 recuperari

106 2639 162 2702 pro
187 2624 281 2684 certo
306 2616 418 2682 habeo.
442 2651 487 2664 -

195 2722 278 2785 Tam
293 2719 391 2804 pauci
406 2719 513 2782 hiatus
529 2722 615 2784 tanto
630 2721 666 2784 in
682 2722 861 2784 orationum
879 2722 1001 2785 ambitu
1021 2723 1242 2804 reliquuntur:

106 2833 241 2910 apparet
254 2824 451 2908 Gregorium
466 2825 563 2888 enixe
575 2823 736 2888 studuisse
749 2823 909 2887 vocalium
921 2825 1022 2888 vitare
1035 2825 1242 2889 collisionem.

194 3186 320 3267 Restat
337 3189 374 3246 ut
389 3183 507 3266 gratias
524 3201 615 3265 agam
630 3182 781 3246 candidas
793 3181 940 3245 Brunoni
952 3183 1033 3264 Keil,
1045 3182 1244 3265 praeceptori

104 3286 354 3368 humanissimo,
379 3285 495 3367 quint
523 3302 649 3367 semper
670 3285 784 3349 studiis
814 3286 893 3349 meis
922 3286 1060 3368 benigne
1083 3284 1169 3364 favit,
1198 3283 1244 3348 ita

104 3390 165 3456 hoe
188 3393 226 3455 in
241 3389 357 3456 libello
374 3386 578 3454 conficiendo
601 3407 636 3451 re
653 3393 748 3469 atque
765 3386 907 3451 consiliis
924 3407 974 3451 me
993 3386 1144 3450 adiuvare
1159 3405 1243 3448 nun·

104 3511 200 3573 quam
226 3495 335 3560 desiit.
