3228 5268
377 474 421 538 48
820 481 930 536 Xaver
948 482 1069 550 Hilrth,

376 653 439 716 hoc
451 656 588 716 constat:
602 657 692 735 pater
703 653 787 716 sicut
798 658 870 736 post
881 652 1052 717 Caesarii
1069 657 1234 736 mortem,
1251 673 1350 737 quam
1363 675 1389 719 ο.
1403 675 1430 720 ιι.
1443 657 1507 720 369

376 757 532 821 accidisse
543 757 638 820 modo
651 757 941 822 demonstravimus
957 759 997 841 (p.
1006 758 1068 840 35),
1084 757 1133 822 sic
1143 795 1187 804 —
1200 759 1300 822 oratio
1313 758 1347 820 id
1361 758 1454 822 docet
1465 797 1509 807 -

375 864 464 924 ante
478 859 680 942 Basiliam,
700 862 756 942 qui
774 881 858 924 anno
872 863 936 924 379
954 860 1113 942 occubuit
1135 860 1198 924 vita
1213 860 1317 925 cessit.
1337 857 1508 924 Aco'urati·

377 982 466 1027 orem
476 962 628 1045 temporis
640 963 813 1025 terminum
824 962 920 1026 facile
932 962 1112 1045 colligimus
1123 981 1141 1026 e
1152 962 1299 1046 Gregorii
1311 964 1451 1046 epistula
1464 965 1505 1028 63

375 1064 1357 1151 (Mignevol.37),quaperspiciturpatremGregoriumeodem
1365 1069 1508 1149 tempore

374 1177 537 1237 mortuum
558 1189 641 1252 esse,
666 1190 729 1253 quo
748 1170 994 1254 Amphilochius
1017 1171 1186 1254 episcopus
1201 1170 1380 1234 laoniensis
1402 1169 1508 1234 faetus

376 1280 432 1341 est
465 1273 684 1356 Amphilochii
707 1273 793 1336 enim
815 1277 939 1355 patrem
962 1272 1055 1336 valde
1079 1276 1279 1354 querentem,
1305 1260 1392 1353 quod
1419 1272 1507 1336 filius

375 1380 438 1442 hoc
455 1395 574 1440 munus
598 1376 783 1458 susceperit
807 1375 857 1437 his
879 1374 988 1438 verbis
1004 1373 1178 1454 Gregorius
1194 1373 1329 1457 epistula
1352 1373 1408 1436 illa
1431 1394 1506 1438 con-

375 1480 511 1545 solatur:
541 1478 605 1556 ‘dut
628 1481 665 1541 δέ
683 1479 742 1542 οὐκ
769 1478 842 1561 ἀνιᾷ
864 1481 966 1557 πατὴρ
989 1480 1046 1554 τὴν
1069 1478 1245 1541 τελευταίαν
1273 1476 1423 1554 ἐκδημίαν
1447 1477 1505 1558 ἀφ’

374 1586 466 1663 ἡμῶν
490 1583 674 1660 ἐκδημήταε,
699 1582 731 1647 ἐξ
757 1581 794 1659 ἡ(
818 1581 920 1644 οίικέτι
943 1581 1025 1658 πρὸ(
1048 1579 1128 1658 ἡμᾶς
1151 1579 1296 1644 ἀναλύεει
1324 1579 1403 1644 οῦδὲ
1430 1581 1505 1660 παρ’

374 1687 467 1765 ἡμῶν
496 1684 675 1763 ὀφθήεεται.
712 1679 788 1747 Εἶτα
816 1684 900 1762 ἡμεῖς
931 1687 987 1762 μὲν
1018 1683 1096 1747 οῦδέ
1119 1682 1315 1760 ἐγκαλοῦμεν
1341 1681 1421 1746 οὐδὲ
1448 1687 1506 1760 τήν

373 1789 588 1867 ὀφειλομένην
612 1786 805 1863 ἀπαιτοῦμεν
828 1787 1030 1865 παραμυθίαν
1053 1784 1181 1860 εἰδότες,
1203 1783 1253 1848 ὅτι
1274 1785 1314 1847 τὰ
1337 1785 1402 1848 ἴδια
1427 1787 1505 1850 κακὰ

374 1893 484 1970 καιρὸν
508 1889 547 1953 οῦ
571 1890 677 1952 δίδωτι
699 1892 767 1952 τοῖε
789 1887 968 1966 ἀλλοτρίοις
992 1885 1174 1968 (politiam,
1197 1886 1249 1968 (οῖ.
1274 1888 1370 1950 etiam
1394 1887 1503 1972 Migna

375 1997 415 2058 37
420 2044 427 2076 ,
443 1995 541 2077 pg.57
552 1993 589 2074 c).
610 1991 678 2054 Iam
697 2009 760 2072 quo
771 1994 913 2073 tempore
923 1988 1167 2073 Amphilochius
1183 1989 1221 2052 ad
1237 1991 1423 2055 cathedram
1437 1993 1502 2076 epi-

374 2096 535 2179 scopalem
546 2094 736 2179 pervenerit,
750 2092 952 2156 concluditur
964 2112 981 2156 e
994 2092 1107 2156 Basilii
1122 2092 1259 2175 epistula
1276 2095 1340 2156 138
1356 2094 1501 2178 (Migne):

372 2219 471 2282 quam
483 2197 652 2282 epistulam
663 2196 755 2258 initio
768 2195 883 2259 hiemis
896 2217 922 2259 a.
936 2197 976 2259 37
981 2193 1039 2262 314
1049 2196 1201 2278 scriptam
1213 2215 1282 2260 esse
1293 2204 1367 2281 post
1379 2197 1502 2262 Locisi-

372 2303 441 2366 ium
464 2299 522 2364 ild.
539 2299 753 2364 Schwartaius
777 2297 1045 2381 demonstravitl).
1076 2298 1229 2380 Legimus
1252 2301 1359 2362 autem
1382 2301 1419 2362 in
1444 2301 1502 2364 hac

371 2405 510 2488 epistula
532 2402 688 2466 Basilium
711 2401 750 2464 ab
766 2401 881 2464 incolis
896 2401 999 2465 Iconii
1015 2401 1200 2465 arcessitum
1226 2419 1305 2481 esse,
1330 2407 1367 2464 ut
1381 2421 1502 2465 novum

372 2510 561 2591 episcopum
583 2504 656 2568 urbi
680 2505 776 2585 daret,
801 2523 875 2567 oum
890 2505 1062 2570 Faustinus
1085 2507 1230 2566 mortuus
1250 2506 1334 2568 esset
1355 2505 1502 2586 (τετελευ-

372 2613 457 2688 τήκει
479 2611 540 2688 γάρ
561 2609 579 2672 δ
597 2607 789 2688 Φαυετῖνοτ).
814 2606 895 2670 Cum
911 2611 1017 2669 autem
1034 2605 1207 2670 verisimile
1229 2607 1353 2669 nonsit
1369 2607 1501 2690 Amphi-

373 2712 515 2775 lochium
535 2713 643 2774 statim
666 2714 738 2793 post
756 2710 841 2774 hanc
863 2709 974 2773 Basilii
991 2709 1160 2793 epistulam
1176 2709 1364 2791 episcopum
1379 2709 1502 2772 factum

374 2833 444 2879 esse
462 2813 641 2877 —Basilio
661 2813 747 2876 enim
766 2811 879 2876 eodem
898 2814 1041 2896 tempore
1060 2812 1238 2894 aegrotanti
1256 2829 1324 2874 rem
1341 2814 1501 2874 maturare

372 2936 439 2980 non
454 2916 545 2979 licuit
560 2917 660 3000 (epist.
679 2917 754 2998 138)
762 2918 787 2999 ²)
802 2953 847 2962 —-
866 2921 898 2980 et
913 2934 988 2979 cum
1003 2913 1249 2997 Amphilochius
1268 2914 1403 2979 ineunte
1419 2934 1501 2978 anno

373 3020 438 3083 374
463 3038 595 3083 munere
615 3019 786 3102 episcopali
807 3021 873 3082 iam
889 3019 1022 3083 functus
1041 3019 1091 3100 sit
1115 3019 1152 3080 ut
1167 3015 1254 3081 idem
1277 3037 1306 3080 v.
1326 3017 1355 3080 d.
1376 3017 1501 3100 Loofsl)

370 3121 604 3186 demonstravit
633 3141 675 3185 ex
703 3122 816 3186 Basilii
847 3121 986 3204 epistula
1011 3121 1088 3202 161,
1116 3118 1322 3184 statuendum
1350 3124 1400 3182 est
1428 3139 1500 3184 eum

372 3223 425 3287 rel
448 3227 590 3287 excunte
614 3237 698 3288 anno
719 3226 782 3288 373
807 3225 859 3290 vel
877 3225 1010 3288 ineunte
1034 3243 1117 3286 anno
1143 3223 1208 3286 374
1231 3222 1271 3285 ad
1295 3222 1379 3286 hano
1399 3221 1501 3306 digni-

373 3332 471 3391 tatem
492 3331 681 3409 provectum
705 3345 783 3391 esse.

462 3430 514 3494 ,Ad
521 3431 752 3494 accuratiorem
760 3431 855 3494 etiam
868 3433 900 3493 et
907 3429 1077 3494 certiorem
1084 3427 1257 3490 terminum
1263 3428 1499 3510 perveniemus,

373 3533 401 3596 si
419 3534 481 3597 hoo
497 3533 814 3597 consideraverimus.
837 3531 929 3596 Haec
945 3532 1031 3595 enim
1050 3531 1150 3594 oratio
1170 3534 1219 3593 est
1237 3530 1337 3592 oratio
1354 3529 1499 3594 funebris

373 3635 425 3698 die
449 3635 600 3698 funeris
622 3635 719 3718 ipso,
748 3637 785 3697 ut
807 3633 901 3697 modo
926 3652 1098 3716 exponam,
1121 3636 1324 3716 praesente
1352 3632 1498 3697 Basilio

371 3737 466 3801 diota
506 3738 585 3802 (lum
618 3739 725 3800 autem
753 3737 893 3800 Basilius
921 3741 954 3800 et
983 3740 1138 3799 autumno
1169 3740 1202 3800 et
1231 3736 1365 3800 ineunte
1394 3737 1499 3801 hieme

466 3890 484 3960 ¹)
504 3891 552 3945 Fr.
571 3891 685 3960 Locis,
710 3891 872 3946 Eustathius
891 3906 948 3944 von
967 3890 1084 3944 Sebaste
1102 3890 1162 3944 und
1180 3889 1224 3943 die
1244 3888 1432 3960 Chronologie
1451 3891 1499 3944 der

370 3975 942 4046 Basiliushriele‚Halle1898,pg.30seqq.;
950 3973 1189 4042 EdSchwartz,
1198 3974 1227 4028 G.
1235 3973 1303 4027 G.N.
1310 3973 1401 4044 (1904)
1408 3975 1467 4041 367,
1474 3973 1498 4027 3.

464 4061 484 4131 ¹)
503 4063 596 4128 ‘Adra
617 4062 746 4130 (Ἰκόνιον
764 4061 856 4132 πόλιε)
875 4065 953 4116 καλεῖ
971 4060 1015 4114 καὶ
1034 4061 1108 4126 ἡμᾶτ
1128 4059 1166 4113 είε
1185 4058 1328 4124 ἐπίεκεψιν
1343 4059 1416 4113 ὠετε
1429 4060 1496 4128 αῦτη

372 4149 473 4199 δοῦναι
482 4145 644 4201 ἐπίτκοπον.
659 4146 688 4200 Ei
699 4147 803 4201 οὖνδεῖ
815 4148 852 4213 μή
863 4148 1009 4200 κατοκνεῖν
1018 4146 1069 4197 τὰ(
1077 4144 1251 4210 ῦπερορίουε
1259 4143 1445 4212 χειροτονίατ,
1457 4186 1462 4197 ,
1475 4184 1496 4197 ..

373 4230 496 4297 ἐδεόμην
514 4233 681 4297 διδαχθῆναι
700 4231 786 4285 αῦτόε
805 4233 840 4286 δι’
854 4232 978 4297 ἐμαυτοῦ
1000 4229 1144 4293 ευντυχιίιν
1162 4234 1197 4298 τῇ
1217 4228 1360 4294 τιμιότητί
1379 4245 1437 4298 (ου,
1457 4229 1497 4282 ὼν

372 4315 490 4368 πάντων
510 4315 705 4383 ἀπεττερὴθην
723 4317 770 4369 διὰ
788 4317 841 4382 τὴν
860 4319 1007 4380 παροῦεαν
1027 4315 1190 4368 dederetur?

463 4399 484 4469 ⁸)
501 4399 616 4468 Lecta,
635 4401 653 4453 l.
668 4415 691 4453 ο,
710 4400 799 4469 pg.46
818 4403 875 4453 not.
886 4399 911 4453 3.
