3228 5268
318 486 361 538 De
382 483 510 554 Gregorii
529 484 701 538 Nazianzeni
721 485 895 539 orationibus
915 484 1088 538 funebribus.
1224 482 1267 544 13

112 660 239 736 ριεμοῡ,
276 677 346 740 quo
372 657 538 739 Euagorae
569 656 682 720 beatus
711 657 924 738 praedicatur,
954 655 1041 739 quod
1072 663 1105 721 ct
1126 657 1268 722 Fortuna

109 778 245 843 semper
269 761 418 824 fautrice
444 778 521 823 usus
545 764 577 824 et
592 765 722 842 propter
736 761 871 824 virtutes
886 761 1156 825 immortalitatem
1171 761 1268 845 adep

110 869 165 926 tus
195 865 250 927 sit
296 862 406 940 Quam
435 863 629 926 laudationis
659 868 778 945 partem
808 864 964 928 Isocrates
995 882 1036 927 ex
1068 863 1267 928 orationibus

109 966 318 1032 funebribus
345 966 522 1047 sumpsisse
547 965 627 1028 mihi
649 966 784 1030 videtur.
819 965 1024 1048 Thucydides
1056 967 1088 1028 et
1115 966 1170 1046 qui
1194 964 1267 1028 eius

110 1070 304 1133 orationem
324 1068 497 1132 funebrem
514 1069 656 1132 imitatus
676 1075 731 1150 est,
756 1075 867 1133 auctor
882 1070 1065 1152 Menexcni,
1090 1068 1173 1131 hanc
1193 1087 1266 1132 seu-

109 1173 253 1236 tentiam
280 1172 433 1235 nondum
456 1169 625 1253 praebent;
644 1172 678 1234 in
701 1171 962 1255 Pseudo-Lysiae
993 1192 1070 1236 vero
1095 1175 1266 1258 epitaphio,

110 1294 213 1356 quem
239 1275 345 1358 paulo
370 1278 445 1358 post
467 1293 590 1337 annum
609 1276 672 1338 387
698 1274 881 1339 confectum
901 1293 971 1339 esse
989 1276 1161 1340 verisimile
1178 1279 1264 1359 est1),

110 1397 148 1442 ea
185 1381 342 1463 primum
376 1378 551 1442 invenitur.
598 1378 668 1455 Qua
697 1399 738 1443 ex
772 1381 914 1442 oratione
947 1377 1042 1442 facile
1073 1380 1267 1463 perspicitur

110 1483 319 1561 μακαριεμόν
337 1480 489 1564 primitus
505 1485 627 1562 partem
648 1482 873 1545 consolationis
888 1481 990 1545 fuisse
1006 1481 1057 1563 (cf.
1075 1483 1115 1564 ἕξ
1133 1483 1265 1546 77-80

110 1586 143 1646 et
167 1586 187 1665 ξ
215 1585 284 1666 81),
312 1603 416 1666 quam
439 1586 632 1665 posteriores
655 1589 798 1648 oratores
813 1585 967 1667 paulatim
983 1586 1144 1668 copiosius
1160 1585 1266 1650 elabo-

109 1692 280 1750 raverunt.
315 1684 420 1768 Apud
442 1684 731 1768 Pseudo-Lysiam
761 1688 848 1751 enim
878 1687 958 1750 haec
995 1707 1068 1770 pars
1098 1707 1165 1751 non
1201 1690 1266 1751 nisi

109 1788 232 1854 leviter
257 1787 456 1853 adumbrata
479 1791 543 1865 est3
560 1791 743 1870 posterioris
759 1808 834 1854 vero
854 1790 1006 1874 temporis
1027 1791 1181 1874 epitaphii
1196 1790 1265 1854 fere

111 1909 229 1954 omncs
255 1892 353 1954 huuc
376 1890 480 1954 τόπον
504 1888 689 1955 exhibuisse
704 1891 864 1974 videntur,
888 1894 915 1956 si
940 1891 1070 1974 quidem
1095 1913 1136 1957 ex
1152 1893 1265 1976 Hype-

110 1993 192 2057 ridis
217 1999 324 2077 atque
344 1993 509 2076 personati
528 1993 754 2059 Demosthenis
779 1996 975 2060 orationibus
997 1997 1153 2061 iudicium
1178 1997 1265 2061 ferre

110 2095 198 2162 licet

204 2201 371 2266 Isocratis
387 2203 495 2264 autem
513 2202 774 2285 compositionem
791 2203 1013 2266 laudationum
1029 2203 1122 2265 auxit
1144 2206 1176 2266 et
1198 2221 1266 2265 am-

111 2307 279 2390 plificavit
291 2304 527 2386 Xenophon,
541 2305 633 2368 cuius
645 2305 684 2368 ‘A
690 2307 872 2388 gesilaus'
884 2307 909 2387 ²)
923 2306 1006 2369 hanc
1023 2306 1266 2386 dispositionem

110 2410 267 2492 praebet:
298 2408 493 2489 Destituere
518 2412 549 2470 et
571 2408 673 2488 adhuc,
700 2410 733 2494 2)
750 2409 892 2488 πράξεις
918 2409 950 2488 3)
966 2407 1092 2488 ἀρεταί;
1117 2410 1149 2491 4)
1166 2429 1265 2485 μακα-

113 2515 245 2593 ρι(μόε;
281 2512 316 2592 5)
342 2509 623 2588 ἀνακεφαλαίωειε.
659 2513 768 2594 Atque
796 2513 936 2594 primum
964 2511 1046 2575 nihil
1075 2511 1264 2577 offensionis

111 2616 228 2698 habet,
261 2613 353 2698 quod
385 2612 522 2694 scriptor
550 2611 635 2676 facta
663 2615 862 2696 virtutesque
890 2615 1002 2678 demtis
1030 2615 1131 2679 virilis
1159 2615 1264 2680 solum

112 2721 234 2784 tractat
254 2715 388 2782 omissis
413 2715 460 2777 eis
481 2713 633 2798 partibus,
658 2737 740 2799 quae
755 2718 875 2781 τόπου(
893 2719 1045 2792 γενέεεω(
1068 2721 1100 2782 et
1122 2719 1264 2784 παιδεία(

113 2823 308 2898 continent3
341 2837 423 2901 quas
447 2817 638 2903 Xenophon,
663 2841 736 2885 cum
759 2821 927 2904 ingenium
950 2825 1046 2903 atque
1070 2841 1175 2886 mores
1199 2820 1263 2884 cla-

111 2928 238 2991 rissimi
253 2924 347 2988 illius
364 2921 428 2982 viri
437 2920 569 2984 laudare
583 2924 762 3005 ceterisque
772 2923 956 2986 hominibus
973 2925 1066 3005 quasi
1078 2923 1263 3007 exemplum

113 3047 304 3115 proponere
313 3026 421 3105 vellet,
435 3025 572 3088 leviores
585 3043 655 3089 esse
665 3025 797 3109 putabat
806 3026 837 3105 8).
848 3064 892 3070 -
905 3025 986 3088 Cum
1000 3026 1167 3110 ‘Euagora’
1177 3046 1263 3089 com-

113 3152 233 3198 munes
247 3130 353 3194 habet
364 3146 430 3190 non
441 3126 545 3189 solum
559 3129 751 3206 μακαριεμόν
764 3132 796 3192 et
808 3129 1087 3211 ἀνακεφαλαίωειν,
1101 3129 1263 3193 sedetiam

115 3236 204 3317 quod
221 3235 323 3313 facta,
337 3234 376 3293 ut
386 3231 422 3291 in
436 3231 665 3312 compositione
677 3232 732 3295 illa
743 3231 887 3315 pristina,
902 3251 943 3295 ex
955 3237 1133 3317 temporum
1151 3231 1263 3295 ordine

116 3340 377 3412 enumerantur,
404 3338 511 3396 tamen
530 3353 567 3397 ea
589 3355 625 3399 re
649 3334 687 3398 ab
704 3335 844 3399 Isocrate
865 3339 896 3398 ct
911 3334 1179 3417 praecedentibus
1195 3333 1263 3396 lau-

115 3442 312 3507 dationibus
339 3437 458 3518 diitcrt,
475 3437 561 3519 quod
577 3439 663 3502 iacta
687 3443 720 3502 et
734 3438 869 3501 virtutes
893 3457 959 3500 non
976 3437 1182 3518 coniunctim,
1206 3435 1263 3499 sed

115 3547 257 3610 seorsim
268 3545 462 3606 tractantur.
476 3540 633 3603 Videmus
643 3541 743 3623 igitur
752 3541 786 3602 in
796 3539 1033 3603 laudationibus
1046 3544 1113 3602 tum
1127 3539 1263 3601 virtutes

114 3651 246 3713 tantum
270 3643 427 3724 valuisse,
447 3648 483 3705 ut
506 3663 616 3706 earum
637 3643 726 3706 laudi
745 3643 845 3707 τόπο(
860 3644 1010 3727 proprius
1026 3643 1263 3706 attribueretur.

116 3751 207 3830 Quae
218 3769 275 3814 res
284 3766 355 3811 non
363 3747 504 3827 separari
513 3744 765 3828 potestastudiis
773 3745 859 3808 illius
871 3745 983 3809 aetatis
995 3745 1263 3829 philosophorum,

115 3860 171 3940 qui
197 3877 218 3919 a
235 3850 386 3918 Socratis
402 3848 572 3932 disciplina
587 3847 724 3932 profecti
741 3847 882 3910 animum
907 3848 1106 3929 virtutesque
1123 3845 1261 3911 hominis

115 3960 344 3974 ψ’...-

213 3997 234 4066 ¹)
253 3995 361 4048 Blass
380 3990 536 4045 1.c.1436.
557 3991 598 4046 Cf.
615 3991 820 4056 Duemmler,
846 3989 967 4044 Hermae
986 3989 1040 4043 vol.
1059 3989 1155 4044 XXVII
1172 3985 1262 4056 (1892)

114 4083 226 4156 passa
248 4083 312 4134 not.
334 4077 360 4130 2.

209 4168 233 4238 ¹)
255 4165 328 4219 Leo
348 4161 366 4214 l.
382 4176 404 4214 c.
425 4161 528 4230 pg.90;
547 4162 655 4216 Bruns
674 4161 692 4214 l.
707 4176 730 4213 c.
750 4159 871 4228 pg.126;
891 4160 1027 4229 Lippelt
1046 4161 1063 4213 l.
1077 4176 1101 4214 c.
1120 4175 1163 4227 pg.
1176 4156 1216 4209 13.

208 4253 232 4322 8)
252 4249 358 4316 Neque
388 4245 534 4300 consentio
559 4246 696 4317 Lippeltio
725 4244 829 4299 dicenti
855 4262 890 4299 aa
918 4247 953 4300 de
982 4261 1070 4300 causa
1097 4243 1263 4310 scriptorem

115 4337 248 4410 corporis
275 4330 454 4388 mentionem
478 4347 536 4384 non
559 4333 661 4399 lacere,
686 4329 760 4398 quod
779 4329 927 4397 Agesilaus
949 4331 1041 4395 χωλὸς
1060 4332 1087 4383 et
1107 4327 1210 4394 βραχὺ(
1228 4323 1262 4375 τὸ

115 4433 197 4492 corpu
217 4423 315 4479 fuisse
337 4417 491 4472 dicebatur.
511 4417 566 4473 Sed
586 4435 635 4473 cur
655 4413 783 4469 παιδείαν
802 4432 860 4468 non
880 4416 1102 4471 commemorat?
