<?xml version="1.0" encoding="UTF-8"?>
<!DOCTYPE html PUBLIC "-//W3C//DTD XHTML 1.0 Transitional//EN"
    "http://www.w3.org/TR/xhtml1/DTD/xhtml1-transitional.dtd">
<html xmlns="http://www.w3.org/1999/xhtml" xml:lang="en" lang="en">
 <head>
  <title>
</title>
<meta http-equiv="Content-Type" content="text/html;charset=utf-8" />
  <meta name='ocr-system' content='tesseract 3.04.00' />
  <meta name='ocr-capabilities' content='ocr_page ocr_carea ocr_par ocr_line ocrx_word'/>
</head>
<body>
  <div class='ocr_page' id='page_1' title='image "./dissertationesp01unkngoog_0073.png"; bbox 0 0 3228 5268; ppageno 0'>
   <div class='ocr_carea' id='block_1_1' title="bbox 345 503 1033 576">
    <p class='ocr_par' dir='ltr' id='par_1_1' title="bbox 345 503 1033 576">
     <span class='ocr_line' id='line_1_1' title="bbox 345 503 1033 576; baseline -0.006 -10"><span class='ocrx_word' id='word_1_1' title='bbox 345 503 388 566; x_wconf 82' lang='lat'>52</span> <span class='ocrx_word' id='word_1_2' title='bbox 785 509 897 563; x_wconf 79' lang='lat' dir='ltr'>Xaran</span> <span class='ocrx_word' id='word_1_3' title='bbox 912 508 1033 576; x_wconf 75' lang='lat' dir='ltr'>earth,</span> 
     </span>
    </p>
   </div>
   <div class='ocr_carea' id='block_1_2' title="bbox 343 679 1474 1276">
    <p class='ocr_par' dir='ltr' id='par_1_2' title="bbox 343 679 1474 1276">
     <span class='ocr_line' id='line_1_2' title="bbox 345 679 1472 758; baseline -0.004 -12"><span class='ocrx_word' id='word_1_4' title='bbox 345 681 518 748; x_wconf 87' lang='lat' dir='ltr'>culorum</span> <span class='ocrx_word' id='word_1_5' title='bbox 540 681 731 744; x_wconf 77' lang='lat' dir='ltr'><strong>testimoniis</strong></span> <span class='ocrx_word' id='word_1_6' title='bbox 755 679 996 744; x_wconf 83' lang='lat' dir='ltr'>oonfirmavisse</span> <span class='ocrx_word' id='word_1_7' title='bbox 1012 681 1052 744; x_wconf 78' lang='lat'>27</span> <span class='ocrx_word' id='word_1_8' title='bbox 1065 701 1072 742; x_wconf 92' lang='lat'><strong>:</strong></span> <span class='ocrx_word' id='word_1_9' title='bbox 1097 679 1164 744; x_wconf 69' lang='grc' dir='ltr'>’τὸν</span> <span class='ocrx_word' id='word_1_10' title='bbox 1181 681 1221 758; x_wconf 81' lang='grc' dir='ltr'>δὴ</span> <span class='ocrx_word' id='word_1_11' title='bbox 1244 682 1395 744; x_wconf 80' lang='grc' dir='ltr'>τοιοῦτον</span> <span class='ocrx_word' id='word_1_12' title='bbox 1418 681 1472 757; x_wconf 83' lang='grc' dir='ltr'>μὲν</span> 
     </span>
     <span class='ocr_line' id='line_1_3' title="bbox 343 779 1473 865; baseline -0.003 -17"><span class='ocrx_word' id='word_1_13' title='bbox 343 784 510 865; x_wconf 76' lang='grc' dir='ltr'>γεγονότα,</span> <span class='ocrx_word' id='word_1_14' title='bbox 535 779 620 846; x_wconf 78' lang='grc' dir='ltr'>οὕτω</span> <span class='ocrx_word' id='word_1_15' title='bbox 645 784 681 846; x_wconf 80' lang='grc' dir='ltr'>δὲ</span> <span class='ocrx_word' id='word_1_16' title='bbox 698 786 755 860; x_wconf 76' lang='grc' dir='ltr'>τῆ(</span> <span class='ocrx_word' id='word_1_17' title='bbox 770 781 939 860; x_wconf 77' lang='grc' dir='ltr'>ἱεμωεύνητ</span> <span class='ocrx_word' id='word_1_18' title='bbox 954 783 1142 864; x_wconf 68' lang='lat' dir='ltr'>apocrisin,</span> <span class='ocrx_word' id='word_1_19' title='bbox 1165 782 1311 860; x_wconf 62' lang='grc' dir='ltr'>τοιαύτη(</span> <span class='ocrx_word' id='word_1_20' title='bbox 1336 784 1372 846; x_wconf 83' lang='grc' dir='ltr'>δὲ</span> <span class='ocrx_word' id='word_1_21' title='bbox 1387 782 1473 859; x_wconf 81' lang='grc' dir='ltr'>παρὰ</span> 
     </span>
     <span class='ocr_line' id='line_1_4' title="bbox 343 883 1474 968; baseline -0.004 -16"><span class='ocrx_word' id='word_1_22' title='bbox 343 891 417 952; x_wconf 84' lang='grc' dir='ltr'>πᾶα</span> <span class='ocrx_word' id='word_1_23' title='bbox 439 886 536 964; x_wconf 68' lang='grc' dir='ltr'>δόξης</span> <span class='ocrx_word' id='word_1_24' title='bbox 550 884 749 968; x_wconf 83' lang='grc' dir='ltr'>τετυχηκότα,</span> <span class='ocrx_word' id='word_1_25' title='bbox 772 886 800 948; x_wconf 81' lang='grc' dir='ltr'>τί</span> <span class='ocrx_word' id='word_1_26' title='bbox 816 886 994 963; x_wconf 75' lang='grc' dir='ltr'>θαυματτὸν</span> <span class='ocrx_word' id='word_1_27' title='bbox 1010 888 1059 949; x_wconf 66' lang='grc' dir='ltr'>καὶ</span> <span class='ocrx_word' id='word_1_28' title='bbox 1074 886 1208 964; x_wconf 82' lang='grc' dir='ltr'>τημείων</span> <span class='ocrx_word' id='word_1_29' title='bbox 1224 885 1405 966; x_wconf 85' lang='grc' dir='ltr'>ἀξιωθῆναι,</span> <span class='ocrx_word' id='word_1_30' title='bbox 1429 883 1474 948; x_wconf 81' lang='grc' dir='ltr'>οῐτ</span> 
     </span>
     <span class='ocr_line' id='line_1_5' title="bbox 345 986 1472 1070; baseline -0.004 -14"><span class='ocrx_word' id='word_1_31' title='bbox 345 993 464 1070; x_wconf 84' lang='grc' dir='ltr'>βεβαιοῖ</span> <span class='ocrx_word' id='word_1_32' title='bbox 493 989 567 1054; x_wconf 73' lang='grc' dir='ltr'>θεὸς</span> <span class='ocrx_word' id='word_1_33' title='bbox 595 989 655 1065; x_wconf 83' lang='grc' dir='ltr'>τὴν</span> <span class='ocrx_word' id='word_1_34' title='bbox 685 986 890 1070; x_wconf 61' lang='lat' dir='ltr'>sariscaco</span> <span class='ocrx_word' id='word_1_35' title='bbox 920 987 961 1052; x_wconf 78' lang='lat' dir='ltr'>nt</span> <span class='ocrx_word' id='word_1_36' title='bbox 988 990 1116 1052; x_wconf 79' lang='lat' dir='ltr'>enarrat</span> <span class='ocrx_word' id='word_1_37' title='bbox 1142 993 1252 1052; x_wconf 90' lang='lat' dir='ltr'>orator</span> <span class='ocrx_word' id='word_1_38' title='bbox 1278 991 1388 1066; x_wconf 78' lang='grc' dir='ltr'>εημεῑα</span> <span class='ocrx_word' id='word_1_39' title='bbox 1410 987 1472 1068; x_wconf 75' lang='lat' dir='ltr'>illa</span> 
     </span>
     <span class='ocr_line' id='line_1_6' title="bbox 345 1091 1474 1174; baseline -0.004 -16"><span class='ocrx_word' id='word_1_40' title='bbox 345 1111 428 1174; x_wconf 88' lang='lat' dir='ltr'>quae</span> <span class='ocrx_word' id='word_1_41' title='bbox 440 1096 473 1157; x_wconf 88' lang='lat' dir='ltr'>et</span> <span class='ocrx_word' id='word_1_42' title='bbox 484 1091 567 1174; x_wconf 66' lang='lat' dir='ltr'>patra·</span> <span class='ocrx_word' id='word_1_43' title='bbox 582 1091 642 1173; x_wconf 87' lang='lat' dir='ltr'>(op.</span> <span class='ocrx_word' id='word_1_44' title='bbox 653 1091 796 1173; x_wconf 79' lang='lat'>28-29)</span> <span class='ocrx_word' id='word_1_45' title='bbox 813 1095 846 1154; x_wconf 91' lang='lat' dir='ltr'>et</span> <span class='ocrx_word' id='word_1_46' title='bbox 860 1091 953 1154; x_wconf 89' lang='lat' dir='ltr'>matri</span> <span class='ocrx_word' id='word_1_47' title='bbox 966 1091 1025 1174; x_wconf 90' lang='lat' dir='ltr'>(op.</span> <span class='ocrx_word' id='word_1_48' title='bbox 1039 1092 1093 1169; x_wconf 74' lang='lat'>30)</span> <span class='ocrx_word' id='word_1_49' title='bbox 1109 1091 1310 1170; x_wconf 83' lang='lat' dir='ltr'>aeciderunt3</span> <span class='ocrx_word' id='word_1_50' title='bbox 1324 1092 1474 1157; x_wconf 89' lang='lat' dir='ltr'>ultimum</span> 
     </span>
     <span class='ocr_line' id='line_1_7' title="bbox 344 1192 1473 1276; baseline 0.002 -20"><span class='ocrx_word' id='word_1_51' title='bbox 344 1213 421 1259; x_wconf 89' lang='lat' dir='ltr'>vero</span> <span class='ocrx_word' id='word_1_52' title='bbox 445 1193 534 1257; x_wconf 89' lang='lat' dir='ltr'>addit</span> <span class='ocrx_word' id='word_1_53' title='bbox 554 1192 754 1274; x_wconf 76' lang='lat' dir='ltr'>miraculum,</span> <span class='ocrx_word' id='word_1_54' title='bbox 781 1193 875 1256; x_wconf 91' lang='lat' dir='ltr'>ouius</span> <span class='ocrx_word' id='word_1_55' title='bbox 896 1192 988 1256; x_wconf 91' lang='lat' dir='ltr'>ambo</span> <span class='ocrx_word' id='word_1_56' title='bbox 1009 1193 1180 1276; x_wconf 89' lang='lat' dir='ltr'>participes</span> <span class='ocrx_word' id='word_1_57' title='bbox 1195 1193 1318 1258; x_wconf 85' lang='lat' dir='ltr'>tuerint</span> <span class='ocrx_word' id='word_1_58' title='bbox 1338 1194 1397 1275; x_wconf 87' lang='lat' dir='ltr'>(cp.</span> <span class='ocrx_word' id='word_1_59' title='bbox 1411 1194 1473 1276; x_wconf 83' lang='lat'><strong>31).</strong></span> 
     </span>
    </p>
   </div>
   <div class='ocr_carea' id='block_1_3' title="bbox 344 1293 1476 2920">
    <p class='ocr_par' dir='ltr' id='par_1_3' title="bbox 344 1293 1475 2203">
     <span class='ocr_line' id='line_1_8' title="bbox 434 1293 1474 1379; baseline -0.004 -18"><span class='ocrx_word' id='word_1_60' title='bbox 434 1298 543 1379; x_wconf 81' lang='lat' dir='ltr'><strong>Atque</strong></span> <span class='ocrx_word' id='word_1_61' title='bbox 559 1299 739 1377; x_wconf 71' lang='lat' dir='ltr'>sequuntur</span> <span class='ocrx_word' id='word_1_62' title='bbox 756 1299 908 1374; x_wconf 79' lang='grc' dir='ltr'>πράξειε</span> <span class='ocrx_word' id='word_1_63' title='bbox 926 1299 984 1379; x_wconf 89' lang='lat' dir='ltr'>(cp.</span> <span class='ocrx_word' id='word_1_64' title='bbox 1002 1295 1160 1376; x_wconf 78' lang='lat'><strong>32-37);</strong></span> <span class='ocrx_word' id='word_1_65' title='bbox 1177 1313 1241 1377; x_wconf 92' lang='lat' dir='ltr'>quo</span> <span class='ocrx_word' id='word_1_66' title='bbox 1256 1294 1291 1358; x_wconf 87' lang='lat' dir='ltr'>in</span> <span class='ocrx_word' id='word_1_67' title='bbox 1307 1294 1378 1360; x_wconf 91' lang='lat' dir='ltr'>loco</span> <span class='ocrx_word' id='word_1_68' title='bbox 1398 1293 1474 1358; x_wconf 85' lang='lat' dir='ltr'>Gre-</span> 
     </span>
     <span class='ocr_line' id='line_1_9' title="bbox 344 1396 1474 1483; baseline 0 -20"><span class='ocrx_word' id='word_1_69' title='bbox 344 1400 454 1483; x_wconf 80' lang='lat' dir='ltr'>gorius</span> <span class='ocrx_word' id='word_1_70' title='bbox 477 1399 555 1462; x_wconf 89' lang='lat' dir='ltr'>dicit</span> <span class='ocrx_word' id='word_1_71' title='bbox 576 1417 611 1462; x_wconf 89' lang='lat' dir='ltr'>se</span> <span class='ocrx_word' id='word_1_72' title='bbox 625 1403 681 1476; x_wconf 69' lang='grc' dir='ltr'>τῆς</span> <span class='ocrx_word' id='word_1_73' title='bbox 696 1403 762 1464; x_wconf 85' lang='grc' dir='ltr'>τῶν</span> <span class='ocrx_word' id='word_1_74' title='bbox 773 1403 891 1477; x_wconf 77' lang='grc' dir='ltr'>καιρῶν</span> <span class='ocrx_word' id='word_1_75' title='bbox 904 1399 1081 1477; x_wconf 72' lang='grc' dir='ltr'>δνεχερείαε</span> <span class='ocrx_word' id='word_1_76' title='bbox 1096 1399 1154 1476; x_wconf 84' lang='grc' dir='ltr'>τήν</span> <span class='ocrx_word' id='word_1_77' title='bbox 1171 1398 1296 1476; x_wconf 84' lang='grc' dir='ltr'>μνήμην</span> <span class='ocrx_word' id='word_1_78' title='bbox 1311 1396 1474 1464; x_wconf 83' lang='lat' dir='ltr'>facturum</span> 
     </span>
     <span class='ocr_line' id='line_1_10' title="bbox 345 1499 1473 1586; baseline -0.004 -17"><span class='ocrx_word' id='word_1_79' title='bbox 345 1523 424 1569; x_wconf 80' lang='lat' dir='ltr'>esse</span> <span class='ocrx_word' id='word_1_80' title='bbox 452 1505 560 1585; x_wconf 81' lang='lat' dir='ltr'><strong>Atque</strong></span> <span class='ocrx_word' id='word_1_81' title='bbox 575 1504 715 1586; x_wconf 89' lang='lat' dir='ltr'>primum</span> <span class='ocrx_word' id='word_1_82' title='bbox 738 1501 869 1586; x_wconf 92' lang='lat' dir='ltr'>quidem</span> <span class='ocrx_word' id='word_1_83' title='bbox 883 1501 1001 1564; x_wconf 88' lang='lat' dir='ltr'>Iuliani</span> <span class='ocrx_word' id='word_1_84' title='bbox 1017 1501 1131 1566; x_wconf 86' lang='lat' dir='ltr'>ducam</span> <span class='ocrx_word' id='word_1_85' title='bbox 1148 1499 1320 1564; x_wconf 83' lang='lat' dir='ltr'>ecclesiam</span> <span class='ocrx_word' id='word_1_86' title='bbox 1343 1499 1473 1583; x_wconf 82' lang='lat' dir='ltr'>aggredi</span> 
     </span>
     <span class='ocr_line' id='line_1_11' title="bbox 346 1602 1475 1690; baseline -0.005 -18"><span class='ocrx_word' id='word_1_87' title='bbox 346 1611 514 1674; x_wconf 75' lang='lat' dir='ltr'>conantem</span> <span class='ocrx_word' id='word_1_88' title='bbox 526 1606 564 1670; x_wconf 94' lang='lat' dir='ltr'>ab</span> <span class='ocrx_word' id='word_1_89' title='bbox 578 1625 616 1670; x_wconf 91' lang='lat' dir='ltr'>eo</span> <span class='ocrx_word' id='word_1_90' title='bbox 628 1605 848 1690; x_wconf 84' lang='lat' dir='ltr'>propulsatum</span> <span class='ocrx_word' id='word_1_91' title='bbox 860 1623 930 1670; x_wconf 86' lang='lat' dir='ltr'>esse</span> <span class='ocrx_word' id='word_1_92' title='bbox 942 1607 1000 1688; x_wconf 87' lang='lat' dir='ltr'>(ep.</span> <span class='ocrx_word' id='word_1_93' title='bbox 1015 1605 1082 1686; x_wconf 82' lang='lat'><strong>32);</strong></span> <span class='ocrx_word' id='word_1_94' title='bbox 1099 1603 1278 1687; x_wconf 89' lang='lat' dir='ltr'>paulopost</span> <span class='ocrx_word' id='word_1_95' title='bbox 1290 1602 1475 1668; x_wconf 75' lang='lat' dir='ltr'>Caesarien-</span> 
     </span>
     <span class='ocr_line' id='line_1_12' title="bbox 345 1705 1474 1792; baseline 0 -18"><span class='ocrx_word' id='word_1_96' title='bbox 345 1709 434 1774; x_wconf 87' lang='lat' dir='ltr'>sibns</span> <span class='ocrx_word' id='word_1_97' title='bbox 455 1714 487 1774; x_wconf 89' lang='lat' dir='ltr'>et</span> <span class='ocrx_word' id='word_1_98' title='bbox 504 1709 690 1792; x_wconf 87' lang='lat' dir='ltr'>imperatori</span> <span class='ocrx_word' id='word_1_99' title='bbox 704 1709 766 1792; x_wconf 91' lang='lat' dir='ltr'>ipsi</span> <span class='ocrx_word' id='word_1_100' title='bbox 782 1705 985 1771; x_wconf 79' lang='lat' dir='ltr'>studentibus</span> <span class='ocrx_word' id='word_1_101' title='bbox 1000 1707 1186 1789; x_wconf 86' lang='lat' dir='ltr'>episcopum</span> <span class='ocrx_word' id='word_1_102' title='bbox 1202 1706 1263 1771; x_wconf 86' lang='lat' dir='ltr'>rite</span> <span class='ocrx_word' id='word_1_103' title='bbox 1279 1725 1317 1770; x_wconf 88' lang='lat' dir='ltr'>ao</span> <span class='ocrx_word' id='word_1_104' title='bbox 1332 1706 1474 1788; x_wconf 82' lang='lat' dir='ltr'>legitime</span> 
     </span>
     <span class='ocr_line' id='line_1_13' title="bbox 345 1807 1474 1894; baseline -0.007 -17"><span class='ocrx_word' id='word_1_105' title='bbox 345 1818 488 1877; x_wconf 89' lang='lat' dir='ltr'>creatum</span> <span class='ocrx_word' id='word_1_106' title='bbox 516 1830 676 1894; x_wconf 87' lang='lat' dir='ltr'>amovere,</span> <span class='ocrx_word' id='word_1_107' title='bbox 704 1811 831 1874; x_wconf 78' lang='lat' dir='ltr'>fortiter</span> <span class='ocrx_word' id='word_1_108' title='bbox 857 1829 931 1874; x_wconf 90' lang='lat' dir='ltr'>enm</span> <span class='ocrx_word' id='word_1_109' title='bbox 953 1811 1108 1874; x_wconf 79' lang='lat' dir='ltr'>restitisse</span> <span class='ocrx_word' id='word_1_110' title='bbox 1135 1809 1194 1891; x_wconf 86' lang='lat' dir='ltr'>(cp.</span> <span class='ocrx_word' id='word_1_111' title='bbox 1215 1808 1369 1888; x_wconf 78' lang='lat'>33-34).</span> <span class='ocrx_word' id='word_1_112' title='bbox 1403 1807 1474 1884; x_wconf 82' lang='lat' dir='ltr'>Quo</span> 
     </span>
     <span class='ocr_line' id='line_1_14' title="bbox 346 1911 1475 2000; baseline -0.004 -18"><span class='ocrx_word' id='word_1_113' title='bbox 346 1917 495 2000; x_wconf 89' lang='lat' dir='ltr'>episcopo</span> <span class='ocrx_word' id='word_1_114' title='bbox 519 1919 653 1996; x_wconf 87' lang='lat' dir='ltr'>mortuo,</span> <span class='ocrx_word' id='word_1_115' title='bbox 672 1934 747 1980; x_wconf 89' lang='lat' dir='ltr'>eum</span> <span class='ocrx_word' id='word_1_116' title='bbox 769 1934 854 1978; x_wconf 88' lang='lat' dir='ltr'>nova</span> <span class='ocrx_word' id='word_1_117' title='bbox 869 1913 1042 1981; x_wconf 78' lang='lat' dir='ltr'>Caesareae</span> <span class='ocrx_word' id='word_1_118' title='bbox 1057 1917 1125 1976; x_wconf 74' lang='lat' dir='ltr'>orta</span> <span class='ocrx_word' id='word_1_119' title='bbox 1149 1916 1233 1978; x_wconf 87' lang='lat' dir='ltr'>osset</span> <span class='ocrx_word' id='word_1_120' title='bbox 1252 1911 1377 1993; x_wconf 84' lang='lat' dir='ltr'>seditio,</span> <span class='ocrx_word' id='word_1_121' title='bbox 1401 1930 1475 1978; x_wconf 82' lang='lat' dir='ltr'>enm</span> 
     </span>
     <span class='ocr_line' id='line_1_15' title="bbox 346 2014 1473 2101; baseline -0.006 -17"><span class='ocrx_word' id='word_1_122' title='bbox 346 2017 502 2099; x_wconf 81' lang='lat' dir='ltr'>effecisse,</span> <span class='ocrx_word' id='word_1_123' title='bbox 532 2022 569 2080; x_wconf 91' lang='lat' dir='ltr'>ut</span> <span class='ocrx_word' id='word_1_124' title='bbox 599 2017 738 2082; x_wconf 84' lang='lat' dir='ltr'>Basilius</span> <span class='ocrx_word' id='word_1_125' title='bbox 765 2017 937 2100; x_wconf 86' lang='lat' dir='ltr'>episeopus</span> <span class='ocrx_word' id='word_1_126' title='bbox 962 2017 1059 2082; x_wconf 86' lang='lat' dir='ltr'>fieret</span> <span class='ocrx_word' id='word_1_127' title='bbox 1087 2018 1147 2100; x_wconf 85' lang='lat' dir='ltr'>(op.</span> <span class='ocrx_word' id='word_1_128' title='bbox 1168 2014 1322 2101; x_wconf 82' lang='lat'>35-36).</span> <span class='ocrx_word' id='word_1_129' title='bbox 1356 2015 1473 2080; x_wconf 80' lang='lat' dir='ltr'>Eadem</span> 
     </span>
     <span class='ocr_line' id='line_1_16' title="bbox 344 2118 1251 2203; baseline -0.004 -16"><span class='ocrx_word' id='word_1_130' title='bbox 344 2118 534 2187; x_wconf 75' lang='lat' dir='ltr'>fortitudine</span> <span class='ocrx_word' id='word_1_131' title='bbox 554 2118 723 2182; x_wconf 82' lang='lat' dir='ltr'>haereticis</span> <span class='ocrx_word' id='word_1_132' title='bbox 747 2137 823 2184; x_wconf 86' lang='lat' dir='ltr'>eum</span> <span class='ocrx_word' id='word_1_133' title='bbox 845 2137 880 2182; x_wconf 88' lang='lat' dir='ltr'>se</span> <span class='ocrx_word' id='word_1_134' title='bbox 898 2120 1087 2202; x_wconf 74' lang='lat' dir='ltr'>opposuisse</span> <span class='ocrx_word' id='word_1_135' title='bbox 1110 2122 1171 2202; x_wconf 87' lang='lat' dir='ltr'>(cp.</span> <span class='ocrx_word' id='word_1_136' title='bbox 1188 2122 1251 2203; x_wconf 82' lang='lat'><strong>37).</strong></span> 
     </span>
    </p>

    <p class='ocr_par' dir='ltr' id='par_1_4' title="bbox 344 2221 1476 2615">
     <span class='ocr_line' id='line_1_17' title="bbox 436 2221 1476 2306; baseline 0.002 -20"><span class='ocrx_word' id='word_1_137' title='bbox 436 2222 597 2287; x_wconf 80' lang='lat' dir='ltr'>Odveroc:</span> <span class='ocrx_word' id='word_1_138' title='bbox 612 2221 749 2286; x_wconf 79' lang='lat' dir='ltr'>Centum</span> <span class='ocrx_word' id='word_1_139' title='bbox 758 2221 827 2286; x_wconf 84' lang='lat' dir='ltr'>iere</span> <span class='ocrx_word' id='word_1_140' title='bbox 834 2239 934 2286; x_wconf 88' lang='lat' dir='ltr'>annos</span> <span class='ocrx_word' id='word_1_141' title='bbox 941 2226 1053 2286; x_wconf 86' lang='lat' dir='ltr'>natum</span> <span class='ocrx_word' id='word_1_142' title='bbox 1060 2241 1185 2286; x_wconf 86' lang='lat' dir='ltr'>summa</span> <span class='ocrx_word' id='word_1_143' title='bbox 1192 2222 1295 2306; x_wconf 81' lang='lat' dir='ltr'>gloria</span> <span class='ocrx_word' id='word_1_144' title='bbox 1304 2222 1476 2288; x_wconf 86' lang='lat' dir='ltr'>florentem</span> 
     </span>
     <span class='ocr_line' id='line_1_18' title="bbox 344 2323 1475 2408; baseline -0.001 -16"><span class='ocrx_word' id='word_1_145' title='bbox 344 2331 468 2408; x_wconf 86' lang='lat' dir='ltr'>patrem</span> <span class='ocrx_word' id='word_1_146' title='bbox 491 2329 626 2390; x_wconf 90' lang='lat' dir='ltr'>mortem</span> <span class='ocrx_word' id='word_1_147' title='bbox 653 2324 767 2390; x_wconf 89' lang='lat' dir='ltr'>obisse.</span> <span class='ocrx_word' id='word_1_148' title='bbox 790 2361 835 2377; x_wconf 81' lang='lat'>—-</span> <span class='ocrx_word' id='word_1_149' title='bbox 858 2323 907 2390; x_wconf 92' lang='lat' dir='ltr'>Ne</span> <span class='ocrx_word' id='word_1_150' title='bbox 935 2343 1013 2390; x_wconf 87' lang='lat' dir='ltr'>veno</span> <span class='ocrx_word' id='word_1_151' title='bbox 1038 2327 1157 2407; x_wconf 85' lang='lat' dir='ltr'>posteri</span> <span class='ocrx_word' id='word_1_152' title='bbox 1187 2325 1257 2390; x_wconf 87' lang='lat' dir='ltr'>eius</span> <span class='ocrx_word' id='word_1_153' title='bbox 1287 2327 1475 2391; x_wconf 82' lang='lat' dir='ltr'>memoriam</span> 
     </span>
     <span class='ocr_line' id='line_1_19' title="bbox 346 2427 1476 2512; baseline 0.002 -20"><span class='ocrx_word' id='word_1_154' title='bbox 346 2427 621 2509; x_wconf 79' lang='lat' dir='ltr'>obliviscerentur,</span> <span class='ocrx_word' id='word_1_155' title='bbox 637 2427 791 2512; x_wconf 86' lang='lat' dir='ltr'>templum</span> <span class='ocrx_word' id='word_1_156' title='bbox 815 2427 856 2491; x_wconf 91' lang='lat' dir='ltr'>ab</span> <span class='ocrx_word' id='word_1_157' title='bbox 878 2447 916 2492; x_wconf 91' lang='lat' dir='ltr'>eo</span> <span class='ocrx_word' id='word_1_158' title='bbox 936 2430 1137 2494; x_wconf 84' lang='lat' dir='ltr'>exstructum</span> <span class='ocrx_word' id='word_1_159' title='bbox 1157 2447 1236 2511; x_wconf 88' lang='lat' dir='ltr'>esse,</span> <span class='ocrx_word' id='word_1_160' title='bbox 1259 2429 1347 2511; x_wconf 91' lang='lat' dir='ltr'>quod</span> <span class='ocrx_word' id='word_1_161' title='bbox 1371 2433 1476 2494; x_wconf 89' lang='lat' dir='ltr'>orator</span> 
     </span>
     <span class='ocr_line' id='line_1_20' title="bbox 345 2530 791 2615; baseline -0.007 -18"><span class='ocrx_word' id='word_1_162' title='bbox 345 2531 418 2597; x_wconf 83' lang='lat' dir='ltr'>tuse</span> <span class='ocrx_word' id='word_1_163' title='bbox 442 2530 594 2594; x_wconf 81' lang='lat' dir='ltr'>describit</span> <span class='ocrx_word' id='word_1_164' title='bbox 616 2533 676 2615; x_wconf 90' lang='lat' dir='ltr'>(cp.</span> <span class='ocrx_word' id='word_1_165' title='bbox 693 2533 747 2614; x_wconf 87' lang='lat'>39)</span> <span class='ocrx_word' id='word_1_166' title='bbox 757 2533 791 2613; x_wconf 78' lang='lat'>²).</span> 
     </span>
    </p>

    <p class='ocr_par' dir='ltr' id='par_1_5' title="bbox 347 2633 1476 2920">
     <span class='ocr_line' id='line_1_21' title="bbox 436 2633 1476 2717; baseline 0.003 -20"><span class='ocrx_word' id='word_1_167' title='bbox 436 2633 666 2712; x_wconf 75' lang='grc' dir='ltr'>Προτφώνηαε</span> <span class='ocrx_word' id='word_1_168' title='bbox 689 2633 730 2698; x_wconf 89' lang='lat' dir='ltr'>ad</span> <span class='ocrx_word' id='word_1_169' title='bbox 752 2637 889 2716; x_wconf 88' lang='lat' dir='ltr'>patrem:</span> <span class='ocrx_word' id='word_1_170' title='bbox 916 2633 1021 2698; x_wconf 79' lang='lat' dir='ltr'>Offert</span> <span class='ocrx_word' id='word_1_171' title='bbox 1042 2633 1132 2700; x_wconf 85' lang='lat' dir='ltr'>filius</span> <span class='ocrx_word' id='word_1_172' title='bbox 1154 2635 1237 2717; x_wconf 88' lang='lat' dir='ltr'>patri</span> <span class='ocrx_word' id='word_1_173' title='bbox 1260 2635 1344 2700; x_wconf 89' lang='lat' dir='ltr'>hano</span> <span class='ocrx_word' id='word_1_174' title='bbox 1367 2635 1476 2700; x_wconf 84' lang='lat' dir='ltr'>lauda-</span> 
     </span>
     <span class='ocr_line' id='line_1_22' title="bbox 347 2736 1476 2820; baseline -0.001 -20"><span class='ocrx_word' id='word_1_175' title='bbox 347 2736 468 2800; x_wconf 84' lang='lat' dir='ltr'>tionem</span> <span class='ocrx_word' id='word_1_176' title='bbox 491 2755 631 2818; x_wconf 89' lang='lat' dir='ltr'>eumquo</span> <span class='ocrx_word' id='word_1_177' title='bbox 656 2741 732 2819; x_wconf 74' lang='lat' dir='ltr'>orat</span> <span class='ocrx_word' id='word_1_178' title='bbox 755 2740 799 2819; x_wconf 70' lang='lat' dir='ltr'>ut</span> <span class='ocrx_word' id='word_1_179' title='bbox 822 2737 850 2802; x_wconf 91' lang='lat' dir='ltr'>si</span> <span class='ocrx_word' id='word_1_180' title='bbox 874 2737 904 2802; x_wconf 90' lang='lat' dir='ltr'>ei</span> <span class='ocrx_word' id='word_1_181' title='bbox 922 2736 1073 2819; x_wconf 70' lang='lat' dir='ltr'>sufficiat,</span> <span class='ocrx_word' id='word_1_182' title='bbox 1093 2739 1228 2820; x_wconf 81' lang='lat' dir='ltr'>accipiat</span> <span class='ocrx_word' id='word_1_183' title='bbox 1250 2736 1388 2819; x_wconf 68' lang='grc' dir='ltr'>(ἀπέχεις</span> <span class='ocrx_word' id='word_1_184' title='bbox 1411 2741 1476 2802; x_wconf 78' lang='grc' dir='ltr'>τῶν</span> 
     </span>
     <span class='ocr_line' id='line_1_23' title="bbox 347 2838 1476 2920; baseline -0.003 -16"><span class='ocrx_word' id='word_1_185' title='bbox 347 2840 459 2906; x_wconf 87' lang='grc' dir='ltr'>πόνων</span> <span class='ocrx_word' id='word_1_186' title='bbox 481 2839 537 2904; x_wconf 72' lang='grc' dir='ltr'>τὰς</span> <span class='ocrx_word' id='word_1_187' title='bbox 561 2838 693 2917; x_wconf 67' lang='grc' dir='ltr'>ἀμοιβὰς</span> <span class='ocrx_word' id='word_1_188' title='bbox 713 2889 719 2903; x_wconf 94' lang='grc'><strong><em>.</em></strong></span> <span class='ocrx_word' id='word_1_189' title='bbox 737 2889 767 2904; x_wconf 93' lang='grc'>..</span> <span class='ocrx_word' id='word_1_190' title='bbox 790 2841 847 2904; x_wconf 91' lang='grc' dir='ltr'>τὸν</span> <span class='ocrx_word' id='word_1_191' title='bbox 870 2839 930 2906; x_wconf 83' lang='grc' dir='ltr'>εἴτε</span> <span class='ocrx_word' id='word_1_192' title='bbox 948 2841 1207 2920; x_wconf 85' lang='grc' dir='ltr'>πραπεμπτήριαν</span> <span class='ocrx_word' id='word_1_193' title='bbox 1226 2839 1285 2904; x_wconf 81' lang='grc' dir='ltr'>εἴτε</span> <span class='ocrx_word' id='word_1_194' title='bbox 1309 2839 1476 2918; x_wconf 83' lang='grc' dir='ltr'>ἐπιτάφιον</span> 
     </span>
    </p>
   </div>
   <div class='ocr_carea' id='block_1_4' title="bbox 347 2940 1600 3026">
    <p class='ocr_par' dir='ltr' id='par_1_6' title="bbox 347 2940 1600 3026">
     <span class='ocr_line' id='line_1_24' title="bbox 347 2940 1600 3026; baseline -0.002 -20"><span class='ocrx_word' id='word_1_195' title='bbox 347 2945 463 3006; x_wconf 85' lang='grc' dir='ltr'>τοῦτον</span> <span class='ocrx_word' id='word_1_196' title='bbox 472 2940 622 3024; x_wconf 78' lang='grc' dir='ltr'>ἔπαινον).</span> <span class='ocrx_word' id='word_1_197' title='bbox 634 2941 735 3024; x_wconf 74' lang='lat' dir='ltr'>Dicat</span> <span class='ocrx_word' id='word_1_198' title='bbox 744 2942 800 3006; x_wconf 89' lang='lat' dir='ltr'>ubi</span> <span class='ocrx_word' id='word_1_199' title='bbox 811 2948 967 3025; x_wconf 81' lang='lat' dir='ltr'>versetur,</span> <span class='ocrx_word' id='word_1_200' title='bbox 977 2943 1095 3026; x_wconf 84' lang='lat' dir='ltr'>dirigat</span> <span class='ocrx_word' id='word_1_201' title='bbox 1104 2943 1328 3026; x_wconf 81' lang='lat' dir='ltr'>gubernetque</span> <span class='ocrx_word' id='word_1_202' title='bbox 1336 2961 1476 3024; x_wconf 80' lang='lat' dir='ltr'>gregem,</span> <span class='ocrx_word' id='word_1_203' title='bbox 1599 2979 1600 2988; x_wconf 33' lang='grc' dir='ltr'>τ</span> 
     </span>
    </p>
   </div>
   <div class='ocr_carea' id='block_1_5' title="bbox 348 3044 1478 3744">
    <p class='ocr_par' dir='ltr' id='par_1_7' title="bbox 348 3044 1478 3744">
     <span class='ocr_line' id='line_1_25' title="bbox 348 3044 1229 3128; baseline 0 -18"><span class='ocrx_word' id='word_1_204' title='bbox 348 3045 443 3110; x_wconf 88' lang='lat' dir='ltr'>euius</span> <span class='ocrx_word' id='word_1_205' title='bbox 465 3047 575 3127; x_wconf 87' lang='lat' dir='ltr'>pastor</span> <span class='ocrx_word' id='word_1_206' title='bbox 595 3044 702 3127; x_wconf 75' lang='lat' dir='ltr'>tuerit,</span> <span class='ocrx_word' id='word_1_207' title='bbox 727 3050 759 3110; x_wconf 88' lang='lat' dir='ltr'>et</span> <span class='ocrx_word' id='word_1_208' title='bbox 781 3049 937 3110; x_wconf 88' lang='lat' dir='ltr'>oratorem</span> <span class='ocrx_word' id='word_1_209' title='bbox 960 3045 1067 3108; x_wconf 85' lang='lat' dir='ltr'>filium</span> <span class='ocrx_word' id='word_1_210' title='bbox 1090 3046 1149 3128; x_wconf 85' lang='lat' dir='ltr'>(op.</span> <span class='ocrx_word' id='word_1_211' title='bbox 1165 3046 1229 3128; x_wconf 78' lang='lat'><strong>40).</strong></span> 
     </span>
     <span class='ocr_line' id='line_1_26' title="bbox 438 3147 1476 3226; baseline -0.004 -14"><span class='ocrx_word' id='word_1_212' title='bbox 438 3148 712 3226; x_wconf 79' lang='grc' dir='ltr'>Προεφώνητιτ</span> <span class='ocrx_word' id='word_1_213' title='bbox 727 3148 767 3211; x_wconf 89' lang='lat' dir='ltr'>ad</span> <span class='ocrx_word' id='word_1_214' title='bbox 783 3147 953 3214; x_wconf 79' lang='lat' dir='ltr'>Basiliam:</span> <span class='ocrx_word' id='word_1_215' title='bbox 978 3147 1030 3212; x_wconf 87' lang='lat' dir='ltr'>Ad</span> <span class='ocrx_word' id='word_1_216' title='bbox 1045 3147 1202 3212; x_wconf 79' lang='lat' dir='ltr'>Basiliam</span> <span class='ocrx_word' id='word_1_217' title='bbox 1217 3147 1325 3216; x_wconf 83' lang='lat' dir='ltr'>denuo</span> <span class='ocrx_word' id='word_1_218' title='bbox 1342 3165 1476 3214; x_wconf 84' lang='lat' dir='ltr'>conver-</span> 
     </span>
     <span class='ocr_line' id='line_1_27' title="bbox 349 3249 1478 3333; baseline -0.001 -19"><span class='ocrx_word' id='word_1_219' title='bbox 349 3269 405 3314; x_wconf 88' lang='lat' dir='ltr'>sus</span> <span class='ocrx_word' id='word_1_220' title='bbox 425 3253 516 3332; x_wconf 86' lang='lat' dir='ltr'>rogat</span> <span class='ocrx_word' id='word_1_221' title='bbox 531 3249 712 3333; x_wconf 76' lang='lat' dir='ltr'>Gregorius</span> <span class='ocrx_word' id='word_1_222' title='bbox 728 3255 765 3314; x_wconf 87' lang='lat' dir='ltr'>ut</span> <span class='ocrx_word' id='word_1_223' title='bbox 780 3250 975 3317; x_wconf 88' lang='lat' dir='ltr'>isiudioium</span> <span class='ocrx_word' id='word_1_224' title='bbox 986 3251 1069 3316; x_wconf 85' lang='lat' dir='ltr'>ierat</span> <span class='ocrx_word' id='word_1_225' title='bbox 1080 3250 1120 3316; x_wconf 86' lang='lat' dir='ltr'>de</span> <span class='ocrx_word' id='word_1_226' title='bbox 1132 3250 1331 3316; x_wconf 86' lang='lat' dir='ltr'>laudatione:</span> <span class='ocrx_word' id='word_1_227' title='bbox 1351 3269 1434 3332; x_wconf 86' lang='lat' dir='ltr'>quae</span> <span class='ocrx_word' id='word_1_228' title='bbox 1451 3250 1478 3313; x_wconf 93' lang='lat' dir='ltr'>si</span> 
     </span>
     <span class='ocr_line' id='line_1_28' title="bbox 349 3351 1478 3436; baseline -0.002 -18"><span class='ocrx_word' id='word_1_229' title='bbox 349 3353 500 3434; x_wconf 70' lang='lat' dir='ltr'>sufficiat</span> <span class='ocrx_word' id='word_1_230' title='bbox 514 3351 614 3432; x_wconf 83' lang='lat' dir='ltr'>dicat3</span> <span class='ocrx_word' id='word_1_231' title='bbox 627 3353 738 3435; x_wconf 83' lang='lat' dir='ltr'>sinon,</span> <span class='ocrx_word' id='word_1_232' title='bbox 748 3353 818 3436; x_wconf 88' lang='lat' dir='ltr'>ipse</span> <span class='ocrx_word' id='word_1_233' title='bbox 829 3373 888 3418; x_wconf 88' lang='lat' dir='ltr'>sua</span> <span class='ocrx_word' id='word_1_234' title='bbox 899 3354 1041 3419; x_wconf 86' lang='lat' dir='ltr'>oratione</span> <span class='ocrx_word' id='word_1_235' title='bbox 1054 3353 1116 3418; x_wconf 90' lang='lat' dir='ltr'>sibi</span> <span class='ocrx_word' id='word_1_236' title='bbox 1127 3353 1248 3419; x_wconf 80' lang='lat' dir='ltr'>auxilio</span> <span class='ocrx_word' id='word_1_237' title='bbox 1262 3354 1373 3418; x_wconf 85' lang='lat' dir='ltr'>veniat</span> <span class='ocrx_word' id='word_1_238' title='bbox 1383 3352 1478 3420; x_wconf 84' lang='lat' dir='ltr'>detri-</span> 
     </span>
     <span class='ocr_line' id='line_1_29' title="bbox 349 3454 1478 3539; baseline -0.002 -17"><span class='ocrx_word' id='word_1_239' title='bbox 349 3461 558 3537; x_wconf 82' lang='lat' dir='ltr'>mentumque</span> <span class='ocrx_word' id='word_1_240' title='bbox 571 3456 702 3535; x_wconf 87' lang='lat' dir='ltr'>saroiat;</span> <span class='ocrx_word' id='word_1_241' title='bbox 716 3475 828 3522; x_wconf 86' lang='lat' dir='ltr'>vocem</span> <span class='ocrx_word' id='word_1_242' title='bbox 843 3455 940 3537; x_wconf 80' lang='lat' dir='ltr'>tollat,</span> <span class='ocrx_word' id='word_1_243' title='bbox 955 3454 1169 3520; x_wconf 84' lang='lat' dir='ltr'>laudationem</span> <span class='ocrx_word' id='word_1_244' title='bbox 1181 3456 1323 3538; x_wconf 69' lang='lat' dir='ltr'>incipiat</span> <span class='ocrx_word' id='word_1_245' title='bbox 1335 3459 1373 3520; x_wconf 91' lang='lat' dir='ltr'>ut</span> <span class='ocrx_word' id='word_1_246' title='bbox 1388 3463 1478 3539; x_wconf 83' lang='lat' dir='ltr'>pater</span> 
     </span>
     <span class='ocr_line' id='line_1_30' title="bbox 352 3558 1477 3640; baseline -0.001 -16"><span class='ocrx_word' id='word_1_247' title='bbox 352 3577 391 3624; x_wconf 85' lang='lat' dir='ltr'>ea</span> <span class='ocrx_word' id='word_1_248' title='bbox 412 3559 544 3624; x_wconf 90' lang='lat' dir='ltr'>meliore</span> <span class='ocrx_word' id='word_1_249' title='bbox 567 3558 701 3622; x_wconf 84' lang='lat' dir='ltr'>truatur.</span> <span class='ocrx_word' id='word_1_250' title='bbox 721 3594 762 3607; x_wconf 87' lang='lat'>--</span> <span class='ocrx_word' id='word_1_251' title='bbox 786 3559 921 3623; x_wconf 84' lang='lat' dir='ltr'>Restare</span> <span class='ocrx_word' id='word_1_252' title='bbox 941 3577 1027 3640; x_wconf 83' lang='lat' dir='ltr'>vero,</span> <span class='ocrx_word' id='word_1_253' title='bbox 1050 3564 1086 3622; x_wconf 88' lang='lat' dir='ltr'>ut</span> <span class='ocrx_word' id='word_1_254' title='bbox 1109 3559 1200 3622; x_wconf 84' lang='lat' dir='ltr'>matii</span> <span class='ocrx_word' id='word_1_255' title='bbox 1225 3558 1477 3624; x_wconf 85' lang='lat' dir='ltr'>consolationem</span> 
     </span>
     <span class='ocr_line' id='line_1_31' title="bbox 350 3659 1477 3744; baseline 0.004 -21"><span class='ocrx_word' id='word_1_256' title='bbox 350 3660 500 3744; x_wconf 85' lang='lat' dir='ltr'>praebeat</span> <span class='ocrx_word' id='word_1_257' title='bbox 514 3661 561 3742; x_wconf 83' lang='grc' dir='ltr'>(τῇ</span> <span class='ocrx_word' id='word_1_258' title='bbox 576 3667 765 3744; x_wconf 83' lang='grc' dir='ltr'>πνευματικῇ</span> <span class='ocrx_word' id='word_1_259' title='bbox 777 3663 887 3742; x_wconf 68' lang='lat' dir='ltr'>{donc</span> <span class='ocrx_word' id='word_1_260' title='bbox 903 3709 950 3723; x_wconf 85' lang='lat'>...</span> <span class='ocrx_word' id='word_1_261' title='bbox 966 3663 1235 3738; x_wconf 73' lang='grc' dir='ltr'>ενμφιλοςοφῆεαι</span> <span class='ocrx_word' id='word_1_262' title='bbox 1249 3661 1288 3724; x_wconf 84' lang='grc' dir='ltr'>τὰ</span> <span class='ocrx_word' id='word_1_263' title='bbox 1300 3659 1477 3742; x_wconf 67' lang='lat' dir='ltr'>tenuiter).</span> 
     </span>
    </p>
   </div>
   <div class='ocr_carea' id='block_1_6' title="bbox 352 3799 1478 4470">
    <p class='ocr_par' dir='ltr' id='par_1_8' title="bbox 352 3799 1478 4292">
     <span class='ocr_line' id='line_1_32' title="bbox 445 3799 1477 3871; baseline 0.002 -18"><span class='ocrx_word' id='word_1_264' title='bbox 445 3800 464 3868; x_wconf 74' lang='grc'>1)</span> <span class='ocrx_word' id='word_1_265' title='bbox 482 3800 572 3868; x_wconf 85' lang='lat' dir='ltr'>Quam</span> <span class='ocrx_word' id='word_1_266' title='bbox 584 3801 762 3868; x_wconf 86' lang='lat' dir='ltr'>sententiam,</span> <span class='ocrx_word' id='word_1_267' title='bbox 777 3800 906 3871; x_wconf 86' lang='lat' dir='ltr'>quamvis</span> <span class='ocrx_word' id='word_1_268' title='bbox 919 3800 991 3854; x_wconf 81' lang='lat' dir='ltr'>forte</span> <span class='ocrx_word' id='word_1_269' title='bbox 1004 3799 1103 3856; x_wconf 88' lang='lat' dir='ltr'>credas</span> <span class='ocrx_word' id='word_1_270' title='bbox 1117 3801 1341 3859; x_wconf 85' lang='lat' dir='ltr'>Christianorum</span> <span class='ocrx_word' id='word_1_271' title='bbox 1354 3803 1477 3857; x_wconf 89' lang='lat' dir='ltr'>solorum</span> 
     </span>
     <span class='ocr_line' id='line_1_33' title="bbox 352 3884 1478 3957; baseline 0.003 -19"><span class='ocrx_word' id='word_1_272' title='bbox 352 3884 493 3955; x_wconf 81' lang='lat' dir='ltr'>propriam</span> <span class='ocrx_word' id='word_1_273' title='bbox 512 3901 584 3953; x_wconf 87' lang='lat' dir='ltr'>esee,</span> <span class='ocrx_word' id='word_1_274' title='bbox 603 3885 661 3940; x_wconf 90' lang='lat' dir='ltr'>iam</span> <span class='ocrx_word' id='word_1_275' title='bbox 673 3886 704 3940; x_wconf 82' lang='lat' dir='ltr'>in</span> <span class='ocrx_word' id='word_1_276' title='bbox 716 3903 890 3956; x_wconf 79' lang='lat' dir='ltr'>paganorum</span> <span class='ocrx_word' id='word_1_277' title='bbox 905 3886 1056 3955; x_wconf 87' lang='lat' dir='ltr'>epitaphiis</span> <span class='ocrx_word' id='word_1_278' title='bbox 1066 3886 1234 3942; x_wconf 87' lang='lat' dir='ltr'>invenimus.</span> <span class='ocrx_word' id='word_1_279' title='bbox 1259 3887 1391 3957; x_wconf 81' lang='lat' dir='ltr'>Legimus</span> <span class='ocrx_word' id='word_1_280' title='bbox 1404 3888 1478 3941; x_wconf 87' lang='lat' dir='ltr'>onim</span> 
     </span>
     <span class='ocr_line' id='line_1_34' title="bbox 352 3970 1478 4040; baseline -0.002 -16"><span class='ocrx_word' id='word_1_281' title='bbox 352 3972 383 4025; x_wconf 93' lang='lat' dir='ltr'>in</span> <span class='ocrx_word' id='word_1_282' title='bbox 404 3970 515 4026; x_wconf 86' lang='lat' dir='ltr'>Libanii</span> <span class='ocrx_word' id='word_1_283' title='bbox 539 3970 681 4040; x_wconf 87' lang='lat' dir='ltr'>epitaphio</span> <span class='ocrx_word' id='word_1_284' title='bbox 705 3972 735 4026; x_wconf 92' lang='lat' dir='ltr'>in</span> <span class='ocrx_word' id='word_1_285' title='bbox 757 3972 806 4026; x_wconf 93' lang='lat' dir='ltr'>Iul.</span> <span class='ocrx_word' id='word_1_286' title='bbox 831 3972 934 4040; x_wconf 73' lang='lat' dir='ltr'>epto:</span> <span class='ocrx_word' id='word_1_287' title='bbox 964 3972 1023 4037; x_wconf 50' lang='grc' dir='ltr'>τῆς</span> <span class='ocrx_word' id='word_1_288' title='bbox 1049 3974 1080 4025; x_wconf 83' lang='grc' dir='ltr'>δὲ</span> <span class='ocrx_word' id='word_1_289' title='bbox 1102 3976 1162 4024; x_wconf 80' lang='grc' dir='ltr'>τῶν</span> <span class='ocrx_word' id='word_1_290' title='bbox 1189 3974 1265 4024; x_wconf 83' lang='grc' dir='ltr'>θεῶν</span> <span class='ocrx_word' id='word_1_291' title='bbox 1290 3972 1366 4035; x_wconf 68' lang='grc' dir='ltr'>πρὸς</span> <span class='ocrx_word' id='word_1_292' title='bbox 1390 3971 1478 4024; x_wconf 82' lang='grc' dir='ltr'>αὐτόν</span> 
     </span>
     <span class='ocr_line' id='line_1_35' title="bbox 353 4053 1478 4126; baseline 0.001 -15"><span class='ocrx_word' id='word_1_293' title='bbox 353 4055 465 4111; x_wconf 78' lang='grc' dir='ltr'>εὐνοία(</span> <span class='ocrx_word' id='word_1_294' title='bbox 483 4053 568 4110; x_wconf 81' lang='grc' dir='ltr'>εὐθὺ(</span> <span class='ocrx_word' id='word_1_295' title='bbox 587 4056 703 4122; x_wconf 79' lang='grc' dir='ltr'>ἐναργὲε</span> <span class='ocrx_word' id='word_1_296' title='bbox 722 4060 779 4113; x_wconf 78' lang='grc' dir='ltr'>ἀπὸ</span> <span class='ocrx_word' id='word_1_297' title='bbox 798 4063 931 4126; x_wconf 75' lang='grc' dir='ltr'>γραμμὴ(</span> <span class='ocrx_word' id='word_1_298' title='bbox 949 4060 983 4112; x_wconf 85' lang='grc' dir='ltr'>τό</span> <span class='ocrx_word' id='word_1_299' title='bbox 1003 4059 1144 4126; x_wconf 66' lang='lat' dir='ltr'>consolor</span> <span class='ocrx_word' id='word_1_300' title='bbox 1163 4058 1231 4112; x_wconf 68' lang='lat' dir='ltr'>aab?</span> <span class='ocrx_word' id='word_1_301' title='bbox 1249 4062 1279 4112; x_wconf 89' lang='lat' dir='ltr'>et</span> <span class='ocrx_word' id='word_1_302' title='bbox 1296 4058 1384 4126; x_wconf 72' lang='lat' dir='ltr'>epid</span> <span class='ocrx_word' id='word_1_303' title='bbox 1404 4059 1478 4114; x_wconf 89' lang='lat' dir='ltr'>idem</span> 
     </span>
     <span class='ocr_line' id='line_1_36' title="bbox 353 4142 1477 4213; baseline 0 -17"><span class='ocrx_word' id='word_1_304' title='bbox 353 4145 449 4196; x_wconf 87' lang='lat' dir='ltr'>orator</span> <span class='ocrx_word' id='word_1_305' title='bbox 467 4142 587 4198; x_wconf 85' lang='lat' dir='ltr'>alterum</span> <span class='ocrx_word' id='word_1_306' title='bbox 607 4142 722 4198; x_wconf 86' lang='lat' dir='ltr'>deorum</span> <span class='ocrx_word' id='word_1_307' title='bbox 741 4144 852 4213; x_wconf 80' lang='lat' dir='ltr'>signnm</span> <span class='ocrx_word' id='word_1_308' title='bbox 871 4144 964 4199; x_wconf 88' lang='lat' dir='ltr'>addit:</span> <span class='ocrx_word' id='word_1_309' title='bbox 984 4143 1038 4197; x_wconf 76' lang='lat' dir='ltr'>‘ant</span> <span class='ocrx_word' id='word_1_310' title='bbox 1057 4145 1112 4211; x_wconf 83' lang='grc' dir='ltr'>μὴν</span> <span class='ocrx_word' id='word_1_311' title='bbox 1129 4143 1241 4198; x_wconf 79' lang='grc' dir='ltr'>κόνεῖνό</span> <span class='ocrx_word' id='word_1_312' title='bbox 1253 4159 1286 4207; x_wconf 89' lang='grc' dir='ltr'>γε</span> <span class='ocrx_word' id='word_1_313' title='bbox 1299 4145 1416 4209; x_wconf 78' lang='grc' dir='ltr'>τημεῖον</span> <span class='ocrx_word' id='word_1_314' title='bbox 1427 4146 1477 4208; x_wconf 78' lang='grc' dir='ltr'>τῆ(</span> 
     </span>
     <span class='ocr_line' id='line_1_37' title="bbox 355 4225 689 4292; baseline 0 -12"><span class='ocrx_word' id='word_1_315' title='bbox 355 4225 498 4291; x_wconf 77' lang='grc' dir='ltr'>βελτίονα(</span> <span class='ocrx_word' id='word_1_316' title='bbox 516 4226 603 4292; x_wconf 79' lang='grc' dir='ltr'>τὺχη(</span> <span class='ocrx_word' id='word_1_317' title='bbox 621 4229 689 4282; x_wconf 73' lang='lat' dir='ltr'>art?</span> 
     </span>
    </p>

    <p class='ocr_par' dir='ltr' id='par_1_9' title="bbox 355 4310 1477 4470">
     <span class='ocr_line' id='line_1_38' title="bbox 445 4310 1477 4382; baseline 0.003 -18"><span class='ocrx_word' id='word_1_318' title='bbox 445 4311 465 4380; x_wconf 85' lang='lat'>¹)</span> <span class='ocrx_word' id='word_1_319' title='bbox 484 4310 573 4378; x_wconf 84' lang='lat' dir='ltr'>Quam</span> <span class='ocrx_word' id='word_1_320' title='bbox 585 4315 693 4378; x_wconf 83' lang='lat' dir='ltr'>partem</span> <span class='ocrx_word' id='word_1_321' title='bbox 706 4314 839 4368; x_wconf 86' lang='lat' dir='ltr'>tractavit</span> <span class='ocrx_word' id='word_1_322' title='bbox 853 4314 883 4367; x_wconf 91' lang='grc' dir='ltr'>Β.</span> <span class='ocrx_word' id='word_1_323' title='bbox 897 4313 971 4368; x_wconf 90' lang='lat' dir='ltr'>Keil</span> <span class='ocrx_word' id='word_1_324' title='bbox 990 4315 1065 4382; x_wconf 85' lang='lat' dir='ltr'>apud</span> <span class='ocrx_word' id='word_1_325' title='bbox 1082 4315 1106 4369; x_wconf 86' lang='lat' dir='ltr'>J.</span> <span class='ocrx_word' id='word_1_326' title='bbox 1120 4313 1365 4382; x_wconf 83' lang='lat' dir='ltr'>Strzygowski‚</span> <span class='ocrx_word' id='word_1_327' title='bbox 1385 4314 1477 4370; x_wconf 85' lang='lat' dir='ltr'>Klein·</span> 
     </span>
     <span class='ocr_line' id='line_1_39' title="bbox 355 4394 1257 4470; baseline 0.004 -22"><span class='ocrx_word' id='word_1_328' title='bbox 355 4394 434 4450; x_wconf 85' lang='lat' dir='ltr'>asien</span> <span class='ocrx_word' id='word_1_329' title='bbox 453 4395 500 4449; x_wconf 87' lang='lat' dir='ltr'>ein</span> <span class='ocrx_word' id='word_1_330' title='bbox 518 4394 647 4450; x_wconf 88' lang='lat' dir='ltr'>Neuland</span> <span class='ocrx_word' id='word_1_331' title='bbox 666 4397 716 4450; x_wconf 90' lang='lat' dir='ltr'>der</span> <span class='ocrx_word' id='word_1_332' title='bbox 733 4398 984 4466; x_wconf 84' lang='lat' dir='ltr'>Kunstgeschichte</span> <span class='ocrx_word' id='word_1_333' title='bbox 1004 4399 1082 4469; x_wconf 83' lang='lat'><strong>1903,</strong></span> <span class='ocrx_word' id='word_1_334' title='bbox 1101 4417 1144 4470; x_wconf 81' lang='lat' dir='ltr'>pg.</span> <span class='ocrx_word' id='word_1_335' title='bbox 1155 4400 1257 4470; x_wconf 69' lang='lat' dir='ltr'>9dseq.</span> 
     </span>
    </p>
   </div>
   <div class='ocr_carea' id='block_1_7' title="bbox 0 0 1629 5268">
    <p class='ocr_par' dir='ltr' id='par_1_10' title="bbox 0 0 1629 5268">
     <span class='ocr_line' id='line_1_40' title="bbox 0 0 1629 5268; baseline 0 0"><span class='ocrx_word' id='word_1_336' title='bbox 0 0 1629 5268; x_wconf 95' lang='lat' dir='ltr'> </span> 
     </span>
    </p>
   </div>
  </div>
 </body>
</html>
