3240 5252
140 491 226 579 [209]
577 505 674 560 Studia
693 506 829 568 Tulliana.
1219 505 1265 568 49

139 672 246 738 Latine
262 681 404 740 verteret
419 675 544 742 fluendi
559 683 614 740 aut
628 677 758 743 labendi
773 679 879 759 verbo,
904 684 991 744 certe
1007 680 1068 744 boe
1083 681 1153 746 loeo
1170 683 1263 747 ambo

138 777 334 844 coniunctim
357 780 462 860 posita
484 798 554 844 esse
577 799 613 844 se
635 780 752 862 mirari,
778 783 854 862 quia
872 783 1025 849 nascendi
1045 787 1076 848 et
1095 785 1265 852 occidendi

138 879 232 944 verba
248 883 411 950 penuaria
426 882 484 946 sibi
503 891 746 966 opponerentur.
767 884 812 948 Ut
825 885 924 964 igitur
935 887 1067 954 oocidme
1078 886 1162 950 idem
1180 893 1266 954 esset

137 1003 172 1046 ao
187 982 333 1046 Platonis
349 984 546 1067 ἀπόλλυεθαι,
566 988 620 1050 cui
636 988 720 1070 apud
738 987 925 1052 Ciceronem
940 994 1027 1056 naci
1042 990 1154 1056 eodem
1170 991 1267 1056 modo

138 1089 333 1153 eontrarium
357 1095 524 1170 appareret
547 1110 610 1172 quo
634 1091 719 1174 apud
742 1092 909 1156 Platonem
931 1094 1096 1176 γίγνεεθαι,
1124 1095 1171 1158 sic
1193 1116 1265 1178 pro-

18 1219 19 1222 *
137 1191 221 1262 xima
252 1211 385 1273 quoque
414 1191 478 1254 dno
508 1192 605 1256 verba
637 1193 739 1257 Tullio
767 1195 851 1258 inter
882 1214 917 1258 se
945 1196 1135 1278 opponenda
1165 1197 1266 1262 luisse

137 1293 218 1356 baud
243 1293 339 1358 aliter
362 1313 400 1358 ao
422 1294 582 1376 posuisset
604 1295 695 1360 Plato
719 1295 905 1364 αὐξάνεεθαι
933 1303 966 1360 et
987 1300 1085 1362 πλέον
1111 1300 1267 1374 urracam

137 1397 294 1460 contraria
316 1395 385 1470 illis
403 1416 485 1479 qnae
504 1403 580 1460 sunt
598 1399 720 1477 φθίνειν
740 1403 771 1463 et
789 1399 918 1463 ἔλαττον
937 1400 1099 1474 γίγνεεθαι.
1127 1400 1213 1484 Ergo
1232 1421 1266 1466 se

18 1511 19 1518 ’
136 1497 266 1581 affluere
289 1499 355 1563 labi
378 1498 548 1568 scribenda
571 1518 641 1564 esse
666 1500 797 1583 opinari.
828 1501 978 1566 Alterum
1001 1507 1108 1568 autem
1131 1503 1266 1568 verbum

137 1603 295 1683 corrigere
315 1601 430 1664 maluit
447 1601 705 1684 Baehrensins1).
736 1603 873 1667 Fluendi
892 1606 978 1667 enim
998 1607 1147 1686 quoniam
1168 1606 1266 1671 verbo

136 1706 253 1775 inesset
264 1703 455 1787 prolabendi
466 1705 563 1786 notio,
576 1724 619 1770 ex
632 1706 790 1769 contrario
803 1706 971 1770 recisiore
983 1708 1123 1790 positum
1134 1709 1267 1792 putavit,

136 1807 169 1868 id
189 1808 275 1889 quod
299 1806 427 1888 syllaba
445 1808 579 1891 repetita
598 1807 754 1890 evaderet
779 1809 882 1890 relabi,
902 1811 941 1875 ut
957 1809 1162 1879 scribendum
1184 1817 1267 1876 esset

134 1910 228 1992 flucre
250 1909 359 1977 relabi.
394 1908 515 1986 Quodsi
537 1910 662 1977 fluendi
684 1911 782 1975 verbo
805 1913 892 1976 inest
914 1912 1000 1975 notio
1023 1913 1211 1995 prolabendi
1235 1919 1269 1978 et

136 2014 262 2084 labendi
286 2014 402 2096 verbo,
429 2014 462 2078 id
492 2015 578 2098 quod
600 2015 764 2080 Friderico
788 2015 970 2096 videbatur,
1000 2017 1085 2080 inest
1106 2017 1196 2080 notio
1217 2036 1267 2082 re

135 2116 275 2200 labendi,
310 2117 388 2198 quid
412 2117 504 2186 nobis
528 2123 584 2200 est,
613 2139 670 2182 our
698 2119 920 2202 corrigamus?
944 2118 1094 2200 Accedit,
1124 2119 1209 2201 quod
1232 2121 1267 2184 in

136 2222 314 2304 Augustini
329 2220 378 2284 De
393 2240 467 2284 vera
482 2221 636 2304 religione
651 2223 670 2284 l.
683 2223 701 2306 ξ
714 2224 733 2286 3
751 2222 916 2305 (Migne)²)
931 2221 1025 2304 plane
1042 2221 1153 2286 eadem
1169 2223 1268 2286 rerba

136 2325 351 2388 inveniuntur
369 2323 482 2388 eodem
502 2324 595 2387 modo
615 2326 794 2406 coniuncta,
815 2344 890 2388 cum
908 2323 953 2386 ibi
968 2324 1131 2406 legantur:
1152 2345 1267 2389 sanon-

136 2427 206 2492 dum
223 2448 284 2492 esse
303 2429 446 2490 ocimum
460 2427 504 2492 cd
518 2428 700 2492 intuendam
720 2426 994 2492 incommutabilem
1009 2447 1114 2490 raram
1130 2426 1267 2508 formam

135 2531 286 2596 eteoclem
313 2529 402 2592 modo
426 2550 543 2613 semper
565 2551 595 2594 sc
617 2529 771 2594 bobemmn
796 2537 887 2615 atqua
908 2529 1044 2613 audique
1065 2531 1116 2592 sui
1137 2530 1267 2593 simelam

130 2631 400 2718 pulchritudinem
424 2653 477 2696 aec
500 2633 663 2698 distentum
686 2633 757 2696 locis
782 2653 835 2696 aaa
863 2638 995 2715 tempora
1021 2633 1188 2712 variatam,
1216 2633 1269 2696 sed
1382 2621 1384 2624 ⁵

135 2756 229 2799 unum
249 2742 346 2820 atqua
363 2735 444 2800 idam
463 2737 547 2801 omui
564 2756 602 2800 aa
618 2742 709 2818 porte
725 2741 902 2814 arcuatam,
921 2755 1013 2818 quam
1032 2753 1094 2798 noa
1112 2734 1271 2799 crederent

134 2839 361 2918 camborniaco,
380 2858 449 2902 cum
468 2839 536 2922 ipsa
554 2859 621 2904 aare
638 2857 811 2922 summaque
829 2840 883 2904 sit:
908 2843 1007 2900 celcra
1025 2838 1110 2900 nosci
1128 2837 1268 2919 camdem,

134 2941 228 3023 flucre
251 2939 327 3006 latr.
363 2938 508 3004 Conferri
532 2939 671 3020 denique
694 2943 799 3022 potest
821 2938 957 3021 Philipp.
978 2937 1033 3018 IV,
1058 2939 1115 3000 13:
1141 2936 1269 3020 [Quam-

135 3044 272 3130 quam]³)
295 3043 363 3108 clia
381 3046 485 3108 omnic
501 3043 621 3126 fluam)
639 3045 756 3110 aerea
774 3048 855 3123 suat,
873 3043 987 3106 caduca
1006 3041 1146 3106 mobilia:
1171 3044 1271 3106 acm

134 3155 175 3212 est
198 3169 265 3212 uno
291 3147 452 3210 altissimis
469 3145 570 3228 defice
589 3145 752 3226 radicibus,
776 3167 853 3230 quaa
871 3165 1039 3229 numquam
1058 3146 1088 3208 a
1105 3145 1171 3208 ulla
1189 3144 1269 3209 laba

134 3250 252 3332 factori
270 3254 386 3335 potest,
410 3269 580 3334 numquam
602 3248 752 3312 demoveri
774 3248 842 3312 loco.
875 3247 913 3310 In
941 3245 1029 3310 hisce
1053 3246 1139 3310 enim
1162 3246 1272 3310 verbis

135 3354 279 3435 perbene
305 3351 502 3433 respondent
529 3351 613 3414 inter
640 3369 691 3414 se:
720 3350 786 3414 alic
808 3352 911 3414 omnic
932 3349 1021 3432 flacc
1052 3351 1169 3413 incerto
1195 3357 1269 3414 scat

224 3545 245 3613 ¹)
266 3543 338 3599 Rev.
358 3541 392 3596 de
411 3541 479 3612 phil.
492 3541 525 3609 X,
539 3542 581 3596 76.

226 3636 247 3704 ²)
269 3633 354 3687 Illum
363 3629 697 3686 locumReitzensteinius
707 3627 775 3682 mihi
784 3625 941 3682 ostenditet
951 3623 1176 3678 observationem
1186 3639 1268 3680 suam

134 3720 330 3784 utilissimam,
350 3732 407 3786 qua
426 3720 468 3769 est
487 3715 664 3782 liberalitate,
684 3713 714 3767 in
734 3729 816 3766 usum
840 3727 933 3764 meum
953 3712 1116 3763 convertere
1135 3709 1269 3776 permisit.

225 3805 248 3876 ³)
272 3805 452 3871 Quamnam,
467 3802 541 3870 quod
555 3806 597 3855 est
609 3801 640 3854 in
649 3799 802 3868 codicibus,
816 3811 924 3854 summo
934 3794 994 3847 iure
1004 3794 1127 3848 resecuit
1141 3792 1269 3850 Clarkius

135 3892 263 3962 Kaysero
284 3887 482 3957 Madvigioque
501 3887 671 3942 auctoribus.

227 3978 250 4046 ⁴)
271 3974 371 4026 Fluxa
390 3971 462 4026 coni.
482 3973 511 4028 P.
529 3973 561 4026 R.
580 3972 696 4026 Mueller
720 3971 749 4024 in
768 3970 865 4024 Philol.
884 3968 926 4033 lX,
942 3965 1006 4020 186:
1026 3981 1192 4032 quamquam
1210 3966 1270 4022 alia

135 4065 230 4114 omnic
242 4061 322 4128 falsa
334 4061 442 4110 incerta
453 4059 510 4110 aiat
523 4057 584 4111 cod.
597 4056 627 4123 V,
647 4072 812 4124 quamquam
828 4055 887 4107 alia
904 4053 997 4104 omnia
1009 4052 1114 4102 incerta
1126 4056 1191 4101 sunt
1208 4051 1270 4106 cod.

136 4146 165 4199 D.
183 4145 315 4201 Muelleri
338 4159 408 4197 vero
428 4140 620 4196 coniecturam
638 4140 667 4194 Ρ.
680 4140 802 4207 Lutzius,
823 4137 927 4192 sodalis
950 4140 1034 4204 atque
1054 4135 1161 4188 amicus
1181 4151 1274 4211 meus,

134 4232 165 4285 in
187 4229 392 4287 dissertatione
415 4227 582 4296 inaugurali,
602 4242 674 4295 quae
697 4223 872 4278 inscribitur:
897 4220 1081 4289 Quaestiones
1106 4217 1221 4273 criticae
1240 4221 1271 4276 in

137 4316 286 4371 Ciceronis
305 4315 453 4370 orationes
471 4312 655 4381 Philippicas,
675 4309 858 4365 Schlettstadt
878 4306 960 4373 1905,
979 4305 1051 4374 (pag.
1070 4303 1105 4358 68
1124 4302 1174 4372 sq.)
1198 4305 1271 4360 adeo

137 4401 358 4469 commendavit,
378 4402 410 4453 ut
429 4397 553 4466 recipere
572 4414 630 4451 non
648 4412 756 4452 verear.

190 4529 245 4582 nu,
258 4528 277 4574 2.
1147 4496 1181 4550 14
