3228 5268
338 467 379 529 22
773 473 883 528 Xaver
901 474 1022 544 Horth,

390 647 419 708 3.
443 647 477 708 in
502 647 600 708 animi
623 647 767 726 virtutae,
787 663 869 727 qnae
892 647 1046 728 apparent

443 750 473 829 a)
496 768 539 812 ex
561 749 646 812 bono
670 767 732 811 usu
756 752 961 811 externarum
983 765 1093 810 rerum

443 850 475 932 b)
498 869 542 914 ex
565 851 605 912 iis
630 869 711 932 quae
734 850 820 912 iacta
843 853 918 912 sunt

649 954 680 1033 α)
702 953 787 1015 iuste
950 953 979 1033 β)
1003 949 1147 1016 modeste

648 1058 679 1138 γ)
701 1055 827 1119 fortiter
947 1057 977 1139 δ)
1000 1054 1176 1138 prudenter

334 1159 391 1221 HI.
416 1158 596 1222 Conclusio

425 1261 516 1325 Clare
532 1261 743 1345 perspicimus
759 1261 842 1324 hano
860 1261 1124 1343 compositionem
1136 1261 1301 1344 proficisci
1318 1281 1362 1326 ex
1375 1265 1462 1327 Ana·

333 1365 473 1427 ximenis
494 1367 568 1426 arte.
603 1363 747 1444 Uterque
772 1363 859 1426 enim
881 1362 990 1426 rhetor
1013 1361 1153 1446 disponit
1172 1363 1353 1427 seeundum
1368 1365 1461 1448 bona,

335 1490 473 1552 quorum
496 1470 714 1532 Anaximenes
742 1467 834 1551 duas,
866 1468 966 1532 Stoici
991 1466 1078 1530 illius
1108 1467 1219 1531 aetatis
1242 1472 1307 1530 tres
1336 1469 1459 1551 speeies

334 1572 591 1654 distinxeruntl).
622 1570 744 1635 Eadem
761 1571 884 1636 ratione
904 1571 1086 1653 partiuntur
1103 1568 1321 1634 laudationem
1345 1589 1459 1634 seeun-

334 1673 411 1737 dum
426 1674 510 1737 bona
529 1677 670 1754 externa,
694 1672 777 1736 bona
798 1673 948 1754 eorporis,
972 1670 1056 1734 bona
1072 1673 1169 1734 animi
1189 1674 1287 1736 etiam
1303 1672 1457 1756 (liceret),

334 1777 550 1854 Quintilianus
560 1779 591 1858 ⁸),
607 1775 692 1840 Theo
702 1777 734 1853 4).
762 1776 833 1839 Hao
851 1795 927 1840 vero
950 1795 985 1839 re
1005 1775 1186 1839 Stoicorum
1208 1775 1278 1840 laus
1301 1777 1460 1841 virtutum

423 1918 444 1986 ι)
461 1918 546 1972 Primi
571 1917 729 1972 Stoicorum
751 1917 911 1986 philosophi
935 1917 1006 1972 nihil
1029 1918 1084 1972 nisi
1103 1917 1237 1972 virtutem
1263 1918 1370 1973 bonurn
1397 1937 1461 1974 esse

332 2003 546 2072 contenderunt,
566 2008 661 2057 cetera
684 2004 761 2057 mala
780 2018 850 2056 esse.
879 2003 1051 2057 Posteriores
1074 2019 1142 2057 vero
1165 2003 1239 2057 inter
1262 2003 1340 2057 bona
1364 2004 1415 2058 illa
1434 2008 1460 2058 et

332 2088 408 2141 mala
427 2087 607 2141 inseruerunt
626 2087 772 2152 ἀδιάφορα
790 2087 836 2140 vel
856 2087 993 2152 οὐδέτερα
1008 2086 1336 2156 (Diog.Laert.VIl102:
1358 2089 1459 2153 ’ἀγαθά

332 2172 402 2225 εἰσιν
422 2171 449 2224 αἱ
468 2171 573 2241 ἀρεταί,
588 2172 739 2240 φρόνησις,
753 2172 925 2241 δικαιοσύνη,
945 2171 1068 2241 ἀνδρεία,
1083 2173 1263 2239 σωφροσύνη
1285 2173 1459 2242 [Socraticae

331 2257 468 2325 virtutesl,
489 2257 625 2323 οὐδέτερα
644 2259 713 2326 Ζωή,
733 2256 830 2325 ὑγίεια,
849 2257 948 2324 ἡδονή,
968 2258 1076 2325 κάλλοτ,
1091 2257 1175 2325 texte,
1189 2261 1322 2327 πλοῦτοτ,
1337 2257 1463 2326 εὐδοξία,

332 2342 485 2411 εὐγένειά)
509 2343 677 2396 Posidonius
704 2346 798 2396 autem
821 2344 848 2394 et
867 2341 1020 2396 Panaetius
1044 2343 1200 2397 docuerunt
1222 2343 1307 2397 etiam
1331 2344 1457 2412 singulas

331 2443 376 2480 res
396 2429 527 2480 externas
546 2427 576 2480 in
595 2427 677 2480 bonis
695 2427 886 2480 numerandas
906 2444 968 2481 esse
987 2426 1071 2496 (Diog.
1086 2428 1177 2481 Laert.
1190 2429 1237 2482 VII
1251 2427 1327 2497 128):
1355 2430 1380 2481 ‘o
1397 2430 1459 2492 μέν-

330 2529 377 2566 τοι
388 2513 542 2566 Παναίτιος
561 2512 606 2566 καί
618 2513 814 2566 Ποσειδώνιοι
833 2513 885 2565 οὐκ
902 2514 1028 2580 αὐτάρκη
1048 2514 1163 2577 λέγουσι
1180 2513 1234 2579 τὴν
1253 2514 1367 2581 ἀρετήν,
1388 2514 1459 2567 ἀλλὰ

331 2597 428 2664 χρείαν
448 2597 519 2651 εἷναί
539 2612 610 2664 φασι
629 2598 673 2651 καί
692 2597 797 2661 ὑγιεία(
816 2597 860 2651 καί
879 2598 974 2662 ἰοχίιοτ
993 2599 1037 2651 καί
1055 2596 1199 2664 χορηγίατ’
1219 2597 1263 2666 (=
1277 2598 1405 2651 πλούτου
1425 2598 1459 2652 ol.

331 2684 362 2736 A.
378 2684 474 2752 Dyroff
490 2686 507 2738 l.
522 2701 545 2738 e.
559 2701 602 2753 pg.
616 2685 690 2754 256);
716 2685 903 2738 distinxerunt
921 2685 1005 2753 igitur
1029 2685 1162 2738 virtutem
1182 2699 1199 2737 a
1217 2682 1299 2736 bonis
1326 2683 1457 2737 externis,

332 2768 441 2822 Stoicos
461 2772 556 2823 autem
574 2770 742 2838 tripertitam
762 2785 869 2839 quoque
891 2770 970 2823 illam
987 2770 1126 2823 honorum
1144 2768 1323 2836 partitionem
1342 2768 1458 2822 novisse

332 2854 558 2923 appareteDiog.
570 2854 660 2908 Laert.
674 2855 720 2908 VH
729 2856 781 2909 106
792 2856 837 2926 (=
847 2855 974 2922 Arnim,
994 2855 1150 2909 Stoicorum
1163 2859 1289 2908 veterum
1299 2855 1457 2924 fragmenta

332 2939 367 2992 IlI
379 2939 410 2991 fr.
426 2938 490 3007 135)
508 2942 535 2992 et
553 2939 695 2993 eStobaei
714 2940 799 3008 eclog.
814 2941 885 2994 1180
898 2940 1047 3010 (Waohsm.
1061 2964 1095 2986 =
1112 2940 1208 2993 Arnim
1222 2941 1240 2993 l.
1255 2955 1278 2993 c.
1292 2940 1329 2993 ΠΙ
1341 2940 1373 2994 fr.
1389 2939 1459 3009 136),

331 3024 380 3078 ubi
392 3025 428 3077 τὰ
440 3026 608 3091 προηγμένα
621 3025 782 3080 dividuntur
794 3027 824 3080 in
837 3027 872 3079 τὰ
884 3030 935 3091 τῆ(
946 3029 1046 3095 ψυχῆς,
1058 3026 1094 3078 τὰ
1105 3029 1158 3078 τοῦ
1170 3026 1312 3092 σὼματοτ,
1322 3027 1359 3077 τὰ
1369 3024 1457 3078 ἐκτότ.

332 3109 449 3179 Singula
472 3110 561 3179 tangit
582 3111 613 3167 A.
633 3110 765 3180 Dyrofl,
788 3109 838 3164 Die
860 3110 942 3164 Ethik
965 3111 1014 3164 der
1038 3110 1115 3164 alten
1135 3109 1201 3162 Stoa
1220 3109 1310 3178 (1897,
1331 3109 1457 3165 Berliner

332 3194 449 3248 Studien
461 3194 501 3263 ΙΙ).

423 3278 444 3348 ²)
465 3279 520 3333 Cic.
535 3279 786 3333 deinvent.1159:
806 3278 953 3346 ‘partiatur
971 3277 1001 3331 in
1019 3277 1144 3332 animum
1158 3282 1185 3332 et
1203 3293 1305 3346 corpus
1319 3282 1348 3332 et
1368 3281 1460 3332 extra·

330 3365 389 3418 rias
407 3381 453 3418 res
472 3364 583 3419 licebit'.
610 3365 686 3418 Idem
705 3365 769 3419 vide
789 3363 818 3418 in
837 3364 898 3418 libr.
913 3364 946 3417 de
966 3366 1035 3417 orat.
1050 3364 1073 3416 ll
1090 3363 1133 3432 29,
1155 3363 1220 3429 115;
1241 3367 1312 3431 part.
1331 3368 1402 3418 orat.
1416 3365 1458 3432 22,

328 3446 380 3517 71;
402 3450 443 3517 11,
454 3450 503 3516 38;
523 3450 633 3504 Tuscul.
647 3451 669 3505 V
687 3451 737 3517 303
757 3450 851 3518 Topic.
864 3450 907 3517 23,
921 3449 964 3502 89.

422 3534 443 3604 ³)
462 3535 554 3602 Quint.
567 3535 632 3588 inst.
646 3538 715 3589 orat.
730 3536 765 3588 lll
778 3537 802 3602 7,
817 3536 865 3588 12:
885 3534 982 3602 ‘ipsius
1001 3550 1070 3587 vero
1089 3535 1151 3588 laus
1169 3534 1290 3588 hominis
1310 3552 1346 3588 ex
1365 3535 1460 3589 anime

333 3623 360 3673 et
379 3635 495 3688 corpore
515 3623 542 3674 et
562 3624 642 3674 extra
661 3619 761 3688 positis
780 3620 837 3688 peti
857 3619 955 3672 debet'.

423 3703 443 3772 ⁴)
462 3704 589 3772 Spengel,
609 3705 649 3757 rh.
663 3721 702 3772 gr.
715 3704 738 3756 Il
759 3703 810 3757 109
829 3719 918 3772 seqq.:
946 3701 1014 3756 ’ἐπεί
1034 3705 1118 3756 δὲτὰ
1137 3706 1228 3768 ἀγαθὰ
1245 3706 1363 3769 μάλιστα
1381 3706 1458 3758 ἐπαι-

332 3791 426 3858 νεῖται,
445 3794 506 3842 τῶν
531 3791 563 3842 δέ
582 3792 699 3853 ἀγαθῶν
717 3791 753 3842 τὰ
781 3790 830 3853 μὲν
853 3787 918 3854 περὶ
942 3791 1036 3856 ψυχήν
1059 3807 1091 3842 τε
1114 3790 1159 3844 καί
1182 3791 1261 3861 aroc,
1280 3793 1316 3844 τὰ
1340 3793 1372 3844 δέ
1391 3789 1458 3857 περί

333 3879 425 3941 σῶμα,
448 3876 484 3927 τὰ
508 3876 540 3928 δέ
564 3876 669 3930 ἔξωθεν
695 3875 762 3940 ἡμῖν
785 3875 905 3940 ὑπάρχει
927 3875 993 3928 κτλ’.
1022 3875 1053 3927 In
1077 3875 1249 3929 divisione
1273 3875 1457 3930 bonorumet

333 3960 431 4014 Cicero
451 3958 495 4028 (de
514 3960 570 4014 inv.
584 3960 607 4012 ll
625 3960 660 4013 59
680 3960 743 4029 etc.)
764 3963 791 4014 et
809 3959 999 4028 Quintilianus
1018 3960 1295 4031 (inst.or.llll,12)
1316 3966 1344 4016 et
1362 3962 1457 4015 Theon

333 4045 471 4114 (Spengel,
490 4044 530 4097 rh.
545 4061 583 4112 gr.
597 4045 620 4097 ll
641 4045 700 4111 108,
715 4045 760 4108 28)
779 4061 889 4113 semper
907 4043 1025 4098 virtutes
1049 4045 1139 4113 primo
1163 4047 1226 4099 loco
1250 4049 1366 4115 ponunt,
1387 4062 1456 4116 quas

333 4134 487 4198 sequuntur
499 4129 574 4184 bona
587 4130 722 4198 corporis
736 4129 837 4184 deinde
856 4130 931 4183 bona
946 4133 1076 4196 externa;
1096 4129 1125 4182 in
1144 4130 1377 4199 dispositione
1389 4147 1457 4184 vero

332 4213 548 4268 laudationis
560 4214 635 4268 idem
649 4215 775 4268 rhetores
786 4213 866 4282 (part.
878 4217 947 4267 orat.
959 4215 1001 4282 22,
1013 4214 1059 4281 74;
1072 4214 1136 4268 inst.
1148 4231 1187 4269 or.
1198 4215 1319 4284 1117,12,
1331 4216 1459 4284 Spengel,

332 4299 373 4351 rh.
388 4315 427 4367 gr.
440 4299 463 4351 Il
477 4299 529 4352 110
542 4298 609 4367 seq.)
621 4299 764 4352 inversum
778 4296 878 4351 τόπων
892 4298 1019 4352 ordinem
1032 4299 1173 4353 adhibent.
1188 4329 1220 4338 -
1235 4301 1347 4354 Tertiae
1360 4301 1457 4355 lauda-

332 4383 417 4436 tionis
430 4383 511 4452 parti,
525 4399 597 4452 quae
610 4383 729 4437 virtutes
748 4383 853 4452 laudat,
869 4382 967 4437 Cicero
983 4398 1087 4438 nomen
1101 4385 1176 4439 dedit
1195 4384 1207 4437 1
1210 4389 1366 4440 actorum
1378 4386 1459 4456 (part.
