3240 5252
327 449 371 514 56
780 459 900 514 Petrus
920 459 1012 526 Reis,
1369 452 1455 536 [216]

329 633 474 696 instructi
488 638 517 696 et
527 629 645 716 pared
658 631 740 716 quod
749 633 850 715 aarum
867 632 925 695 alil
940 651 1058 716 aspera,
1075 634 1167 714 snut,
1179 632 1314 696 torrida
1325 635 1458 696 muliane
1587 669 1588 688 t

329 756 425 821 neque
434 733 576 818 perfecta
593 740 684 818 atque
702 734 849 814 conclusa,
868 735 925 798 alii
940 735 997 798 leui
1013 733 1081 817 [leri
1099 755 1122 796 π
1138 754 1154 797 ε
1169 735 1232 799 leni
1247 733 1286 819 L]
1303 741 1331 799 et
1345 741 1459 800 structa

327 845 359 904 et
373 840 552 914 terminuta3
569 842 716 901 utcontra
731 841 841 916 unum,
857 840 948 919 ocuti,
964 839 1068 902 omnia
1079 838 1255 902 decenteset
1266 839 1460 918 dilucidiora,

330 960 394 1006 uon
413 941 565 1026 ampliora
583 940 737 1023 facientes,
756 940 861 1005 subtili
878 941 1013 1026 quadam
1031 947 1060 1005 et
1075 961 1182 1025 pressa
1197 943 1337 1006 oratiam
1353 943 1460 1023 limati,
1587 1013 1588 1016 Ἴ

328 1049 366 1110 iu
388 1045 547 1129 emmane
567 1063 676 1128 quiere
697 1043 756 1106 alii
777 1043 891 1124 radidi,
915 1044 966 1108 sed
983 1044 1116 1128 impoliti
1132 1051 1162 1108 et
1179 1045 1316 1109 considio
1334 1045 1461 1108 rudium

331 1149 446 1214 slmiles
470 1155 500 1212 et
526 1150 753 1231 imperitorum,
781 1147 841 1210 alii
867 1149 901 1212 in
927 1147 1032 1212 eadem
1058 1149 1219 1214 mundate
1244 1151 1461 1230 martures,
1587 1237 1588 1240 Ἴ

333 1253 414 1317 Mem
437 1249 539 1331 faceti,
560 1247 703 1332 florentes
724 1252 816 1314 dmm
839 1257 868 1314 et
889 1251 993 1315 leuiter
1015 1253 1126 1316 ernau

423 1354 481 1416 Est
499 1353 578 1417 haec
597 1354 754 1416 sententie
773 1353 858 1418 haud
878 1354 993 1418 melius
1012 1354 1175 1418 intellectu
1195 1373 1291 1437 quem
1316 1359 1364 1419 tot
1385 1355 1462 1418 aliae
1587 1351 1588 1434 s

332 1457 476 1520 Oratotis
492 1475 553 1520 nec
568 1457 675 1519 minus
687 1456 834 1539 pessimis
850 1455 1043 1520 coniecturis
1055 1462 1178 1520 vexate.
1195 1455 1265 1520 Neo
1277 1475 1355 1520 vero
1372 1457 1461 1540 plane

333 1579 445 1624 sanem
469 1577 540 1622 eam
567 1577 637 1622 esse
666 1555 747 1640 dico,
775 1577 970 1640 quamquam
997 1579 1061 1622 non
1090 1559 1210 1640 dubito,
1239 1560 1319 1641 quin
1346 1559 1463 1623 iniuria

336 1661 482 1746 pluribus
498 1661 595 1724 rebus
611 1660 818 1724 ostendantur
833 1663 894 1724 viri
908 1662 1001 1724 docti.
1022 1661 1167 1724 Pn'mum
1178 1662 1279 1744 igitur
1291 1661 1462 1726 defendere
1587 1727 1588 1736 ,

335 1784 373 1828 ec
389 1763 522 1846 probare
539 1781 638 1827 conor
652 1763 801 1828 codicum
817 1763 1018 1847 scripturum,
1038 1764 1142 1846 quoad
1157 1780 1291 1828 necesse
1308 1769 1366 1828 est.
1390 1765 1463 1828 Por-

335 1867 467 1931 ticutam
483 1866 569 1930 enim
580 1873 670 1951 atque
686 1867 725 1929 ob
742 1885 810 1930 enm
825 1885 907 1948 quae
918 1868 1065 1950 proxime
1080 1866 1243 1930 antecedit
1257 1889 1354 1953 neque
1365 1869 1463 1950 ipsam
1587 1905 1588 1956 t

336 1987 465 2052 qnoque
489 1969 521 2031 in
547 1969 681 2033 eandem
705 1972 911 2033 correxerant
933 1970 1078 2053 plerique
1106 1974 1179 2033 ente
1203 1969 1462 2053 Heerdegcnium
1587 1957 1588 2008 i

336 2071 1199 2155 editoresZumptiisoholaietine(§781)advoccta¹t
1217 2067 1465 2137 Eandemhabet
1587 2069 1588 2098 ¹

336 2166 610 2256 coniunctionem,
634 2194 652 2238 e
680 2175 802 2237 librarii
823 2173 975 2239 videlicet
998 2173 1128 2238 arbitio
1151 2183 1260 2258 ortam,
1279 2175 1386 2240 codex
1402 2177 1463 2255 e²t;

337 2279 481 2360 eandem,
506 2297 697 2360 quamquem
717 2277 942 2361 Heerdegenii,
966 2278 1108 2362 Stringit
1129 2278 1287 2343 Friderici
1306 2294 1465 2343 consensu

337 2381 457 2446 codicis
474 2380 500 2444 L
514 2381 611 2444 lectio
627 2387 696 2445 erat
710 2381 849 2464 probate,
867 2381 975 2445 denuc
993 2383 1028 2445 in
1044 2381 1218 2444 editionem
1237 2400 1329 2444 suam
1346 2381 1465 2463 ieoepit
1587 2387 1588 2392 ’

336 2485 554 2566 Sandysius³t
590 2483 653 2547 Sed
676 2502 801 2547 summe
828 2483 955 2546 iniuria.
990 2483 1072 2546 Nam
1095 2483 1235 2566 perbene
1259 2483 1316 2546 uti
1345 2485 1464 2546 ratione

337 2588 599 2651 coniunctionem
622 2607 716 2672 neque
743 2591 816 2650 ente
846 2587 910 2649 duo
939 2585 1081 2650 membra
1102 2585 1259 2684 particula
1282 2593 1373 2668 atqua
1401 2590 1464 2648 arte

339 2689 447 2752 vincta
462 2690 539 2771 poni
558 2707 651 2772 posse
668 2694 814 2752 sescenta
832 2707 891 2752 nos
906 2689 1024 2753 docent
1043 2687 1198 2771 exemplu.
1223 2687 1367 2764 Quorum
1390 2705 1465 2750 non·
1587 2667 1588 2752 l

228 2791 231 2798 '
338 2791 430 2854 nulle
448 2791 641 2854 afferantur:
663 2791 751 2854 Brut.
769 2793 808 2854 27
814 2793 849 2854 6:
875 2791 938 2856 Nec
956 2799 1023 2856 erat
1041 2791 1105 2854 ulla
1130 2794 1172 2855 eis
1194 2797 1284 2876 atque
1306 2793 1465 2867 renuntia

339 2893 458 2958 ibidem
478 2896 496 2975 ἓ
514 2895 591 2956 325:
616 2897 771 2959 sententiis
789 2915 849 2959 nou
868 2901 930 2958 tam
948 2894 1094 2980 aramius
1110 2901 1138 2958 et
1162 2896 1270 2958 seueris
1288 2915 1382 2978 quam
1400 2913 1467 2956 ccu-
1587 2895 1588 2900 ’

339 3001 440 3062 einais
462 3004 490 3061 et
509 3000 656 3076 oenustis;
680 2996 729 3060 De
748 3016 793 3061 or.
814 2997 832 3058 i.
848 2996 890 3076 ΙΙ,
904 2998 963 3059 54:
989 2997 1049 3061 Sed
1072 2999 1127 3060 iste
1148 2999 1212 3080 ipre
1233 2993 1354 3060 Coelius
1376 3015 1467 3080 neque

339 3102 484 3165 distinnit
499 3099 659 3164 historiam
679 3102 825 3164 uarietate
839 3100 972 3163 locorum
991 3120 1086 3184 neque
1104 3099 1263 3162 uerborum
1281 3098 1468 3162 collocatione
1587 3103 1588 3140 ἲ

340 3210 368 3267 et
386 3209 488 3266 tractu
506 3203 654 3266 orationis
672 3202 734 3266 leni
755 3208 784 3265 et
806 3201 959 3287 aequabili
973 3201 1137 3285 perpolivit
1159 3201 1240 3264 illud
1257 3221 1340 3284 opus,
1361 3200 1413 3264 sed
1587 3239 1588 3266 t

340 3308 418 3370 siout
435 3307 546 3389 potuit,
569 3304 700 3381 dolaeil3
726 3303 869 3366 Caesaris
893 3303 928 3365 B.
946 3303 981 3366 G.
1002 3303 1142 3384 V11‚3o‚
1162 3305 1179 3364 1
1204 3301 1369 3382 (Kiibler):
1395 3301 1468 3366 Fun
1587 3351 1588 3386 t

342 3407 415 3471 iaec
432 3409 532 3484 oratio
550 3427 612 3470 non
630 3409 756 3491 inarata
775 3406 883 3485 Gallis,
901 3413 930 3470 et
947 3409 1080 3470 mamere
1102 3405 1183 3491 quod
1202 3408 1266 3490 ipse
1284 3407 1389 3468 auimo
1410 3423 1468 3468 uon
1587 3475 1588 3488 χ

342 3509 495 3592 defecerat
510 3515 595 3572 tauto
610 3515 727 3593 accepto
736 3509 929 3572 'incommodo
944 3529 1038 3594 neque
1053 3529 1083 3572 se
1097 3513 1132 3572 iu
1146 3509 1295 3572 anutium
1309 3507 1469 3572 abdiderat
1587 3489 1588 3504 ¹

343 3619 371 3676 et
393 3618 580 3696 conspectum
604 3611 814 3674 multitudinis
840 3609 974 3696 suaerat.
1010 3608 1113 3673 Simili
1137 3608 1230 3672 modo
1258 3609 1372 3673 iuncte
1398 3612 1470 3671 sunt

344 3715 473 3777 nomina
496 3713 662 3796 particulis
684 3719 776 3794 etet,
801 3731 873 3776 cum
898 3711 1065 3776 antecedat
1089 3713 1272 3775 coniunctio
1296 3733 1341 3793 ne,
1367 3715 1402 3774 ut
1424 3709 1469 3773 De

345 3817 398 3879 off.
420 3817 440 3898 Ι,
458 3818 516 3878 42ε
547 3816 722 3879 Videndum
743 3822 787 3879 est
809 3817 903 3896 euim,
924 3817 1064 3899 primum
1087 3835 1125 3878 ue
1152 3813 1225 3878 obsit
1249 3814 1420 3900 leniendas
1444 3819 1470 3876 el

344 3922 384 3982 iis
395 3922 476 4004 ipsis,
490 3917 598 4004 quibus
611 3919 735 4003 leuique
747 3917 898 3981 ridebitur
907 3917 985 4000 fieri,
998 3925 1026 3981 el
1040 3919 1152 3997 celeris,
1165 3916 1275 3980 deinde
1290 3937 1328 3980 ne
1345 3935 1372 3980 e.
1382 3937 1409 3997 q.
1418 3916 1470 3994 si)

438 4095 457 4162 1)
477 4091 682 4157 Peter-Weller,
701 4091 742 4144 ed.
761 4089 896 4158 pag.107.

437 4179 505 4248 ²)'1d
525 4177 646 4230 affirmat
665 4174 872 4242 Heerdegenius
891 4175 921 4228 in
940 4176 1008 4229 Mne.
1023 4175 1111 4228 Rhen.
1127 4176 1181 4228 vol.
1195 4174 1231 4228 38
1248 4189 1312 4244 pag.
1322 4175 1381 4228 123.

437 4264 459 4333 ³)
476 4261 638 4317 Wilkinsius
658 4259 730 4313 redit
750 4257 786 4312 ad
804 4258 990 4313 Laudensem.

437 4348 459 4417 ⁴)
478 4349 553 4401 Bene
570 4345 605 4399 ad
618 4346 696 4398 illam
709 4345 801 4397 locum
815 4343 961 4400 adnotavit
974 4347 1002 4399 P.
1018 4344 1175 4400 Dettweiler
1193 4343 1223 4396 in
1237 4343 1470 4416 commentatione
