3240 5252
131 480 218 566 [203]
375 511 376 514 ¹
571 487 668 543 Studia
688 488 824 542 TuIIIana.
1217 483 1259 543 43

130 660 259 724 behrius
284 661 460 744 appellaret
481 661 531 724 vel
555 661 725 743 pessimam
748 661 958 742 interpretum
981 679 1120 724 crucem.
1146 659 1261 741 Neque

128 763 202 827 inde
218 763 258 826 ab
275 764 333 826 illa
354 782 456 846 usque
476 764 515 827 ad
528 765 611 828 hanc
622 768 757 828 aetatem
770 763 875 827 locum
894 765 1052 846 corrigere
1070 763 1262 827 destiterunt

127 866 291 949 philologi.
329 867 413 931 Nam
431 887 505 931 oum
520 867 611 930 inibo
632 867 773 931 Oratoris
790 865 937 930 nonnulli
956 866 1093 930 editores
1111 865 1260 930 codicum

128 971 323 1052 scripturam
331 970 486 1052 integram
496 971 530 1032 in
539 976 671 1053 textum,
684 970 739 1052 qui
750 970 877 1050 dicitur,
887 971 1093 1052 recepissent,
1103 969 1260 1052 proximis

128 1072 330 1154 temporibus
346 1073 387 1136 de
402 1073 489 1136 illius
505 1073 582 1136 vitIo
600 1073 656 1136 vix
674 1074 845 1154 quisquam
861 1073 1025 1136 dubitavit.
1050 1071 1102 1134 Ad
1118 1072 1260 1154 singulas

127 1175 233 1257 igitur,
259 1195 342 1256 quas
367 1176 446 1239 haec
469 1177 684 1259 paragraphus
707 1175 901 1259 provocavit,
925 1175 1205 1258 interpretationes
1229 1181 1262 1240 et

127 1283 331 1342 correcturas
356 1283 482 1342 transeo
506 1278 744 1361 pertractandas
769 1287 800 1342 et
823 1277 1061 1342 examinandas.

216 1379 323 1456 Quam
349 1381 384 1442 in
407 1399 538 1463 operum
554 1381 773 1445 Tullianorum
790 1380 929 1445 editione
945 1400 1029 1444 anno
1048 1382 1133 1444 1826
1151 1387 1262 1445 curata

127 1481 197 1561 (vol.
211 1481 227 1544 I
240 1502 312 1564 pag.
330 1483 409 1560 452)
426 1481 563 1545 Orellius
580 1481 713 1547 dederat
728 1483 1022 1565 interpretationem
1035 1484 1261 1566 praetermitto,

127 1585 202 1665 quia
217 1586 290 1667 ipse
307 1604 385 1648 mox
405 1583 555 1666 neglexit
580 1604 654 1647 curn
669 1584 803 1649 Henrici
819 1584 944 1666 Meyeri
961 1585 1152 1649 sententiam
1169 1604 1260 1648 snam

126 1687 249 1752 faceret
273 1689 366 1752 etin
391 1686 532 1751 Oratoris
556 1687 696 1752 editione
725 1708 808 1751 anno
835 1688 920 1750 1830
945 1693 1056 1751 curata
1079 1688 1129 1751 his
1154 1688 1260 1752 verbis

126 1790 319 1854 illustraret:
346 1789 401 1854 ‘Ut
416 1791 515 1872 igitur
529 1793 563 1854 in
586 1792 697 1856 formis
722 1798 753 1856 et
775 1792 890 1874 figuris
908 1812 927 1855 a
942 1793 1076 1855 summis
1092 1793 1260 1858 fictoribus

126 1894 374 1976 pictoribusque
405 1892 573 1958 elaboratis
602 1897 689 1960 inest
718 1896 832 1979 utique
863 1894 984 1978 aliquid
1015 1896 1195 1978 perfectum
1228 1903 1262 1962 et

127 1997 292 2060 excellens
309 1997 419 2076 (etwas
431 1995 574 2078 Ideales),
591 1997 676 2080 qnod
690 1997 880 2079 cogitatione
894 1995 1060 2059 dumtaxat
1075 1999 1260 2080 percipitur,

127 2106 157 2163 et
180 2121 245 2182 quo
271 2101 343 2182 ipso
368 2098 494 2180 artifex,
518 2099 663 2182 singulas
688 2099 764 2163 dum
787 2099 907 2163 formas
929 2100 1073 2162 imitatur
1096 2101 1260 2181 (wdhrend

127 2221 161 2266 er
183 2202 342 2284 darstellt,
366 2201 472 2265 nicht:
498 2202 688 2283 nachahmt),
713 2203 894 2284 exprimere
917 2201 1026 2265 studet
1047 2222 1083 2264 ec
1106 2223 1183 2287 quaa
1205 2202 1261 2266 sub

126 2306 223 2370 oculos
255 2308 326 2390 ipsa
356 2325 418 2368 unu
448 2304 571 2384 cudunt,
600 2302 632 2365 id
664 2307 712 2366 est
742 2302 867 2385 pulchri
892 2302 979 2366 ἰδέαν
1008 2308 1168 2367 aetemam
1198 2303 1259 2367 sibi

125 2407 267 2488 insitam,
300 2426 396 2488 qnam
428 2411 558 2470 secutus
582 2411 678 2488 atque
702 2405 843 2469 imitatus
873 2406 977 2470 solum
1000 2411 1104 2489 potest
1128 2406 1260 2470 efficere

124 2509 211 2592 illud,
238 2509 328 2592 qnod
354 2508 568 2591 cogitantibus
591 2508 683 2572 nobis
707 2508 889 2590 perfectum
912 2514 1043 2591 apparet
1065 2511 1099 2572 in
1124 2510 1260 2592 singulis

126 2614 194 2676 eius
218 2611 374 2695 operibus
398 2609 664 2694 contemplandis,
689 2630 751 2674 nec
775 2616 881 2674 tamen
912 2616 1080 2694 propterea
1107 2631 1260 2695 umquam

126 2720 228 2778 totum
256 2734 337 2797 opus
361 2713 413 2777 vel
436 2713 706 2797 perfectissimum
730 2714 911 2776 universam
936 2714 1063 2796 pulchri
1087 2716 1174 2779 ἰδέαν
1194 2736 1260 2779 am·

125 2818 281 2901 plectitur
316 2821 411 2899 atque
448 2817 614 2900 exprimit:
651 2817 698 2880 sic
731 2817 827 2879 etiam
861 2816 1022 2898 perfectae
1058 2818 1261 2900 eloquentiae

126 2920 211 2985 ἰδὲαν
245 2919 351 2982 animo
383 2918 539 3000 videmus,
570 2917 715 3001 effigiem
745 2918 809 3000 (die
840 2919 956 3001 villlige
979 2919 1261 3002 Verwirhlichung

126 3021 233 3088 dieser
245 3021 334 3103 Idee)
349 3040 510 3104 nusquam
526 3021 712 3104 reperimus
725 3021 782 3085 sed
795 3041 921 3104 semper
934 3022 1151 3087 desideramus
1164 3025 1260 3087 etiam

126 3125 159 3186 in
183 3124 317 3208 optimIs
342 3122 544 3204 eloquentiae
568 3123 859 3206 exemplaribus’1).
890 3124 942 3187 Ad
966 3144 1048 3207 quae
1073 3125 1184 3190 Orellii
1208 3126 1259 3190 vel

126 3225 256 3310 Meyeri
286 3225 369 3290 bene
399 3225 572 3308 respondet
601 3224 792 3289 I'ranoisous
823 3225 951 3290 Goeller
980 3229 1014 3290 in
1045 3228 1094 3291 ed.
1120 3227 1205 3312 Lips
1232 3250 1259 3292 a.

127 3333 217 3397 1838
250 3352 319 3415 pag.
337 3332 378 3394 73
403 3349 509 3413 neque
539 3330 659 3413 referre
687 3332 790 3416 aliquo
820 3331 940 3414 alr'quid
964 3349 1033 3394 esse
1063 3330 1148 3394 idem
1174 3331 1258 3412 quod

124 3437 252 3502 imitari
266 3435 393 3521 aliquod
403 3434 560 3520 exemptor
574 3452 680 3515 neque
697 3432 811 3497 referri
828 3432 935 3514 aliquo
948 3432 1013 3496 dici
1025 3432 1259 3514 aporrhdcpurc,

126 3538 182 3602 sed
217 3538 331 3600 horum
365 3536 499 3620 effigies
547 3535 701 3600 Similiter
731 3535 937 3599 Vollbehrius
966 3534 1001 3596 in
1030 3533 1105 3597 libri
1138 3535 1260 3598 laudati

126 3642 235 3726 pag.5
261 3639 393 3722 exponit
420 3636 581 3702 referendi
605 3637 738 3702 verbum
762 3657 827 3700 non
855 3636 942 3700 idern
966 3634 1150 3718 signiticare
1174 3636 1259 3718 quod

128 3742 334 3830 exprimendi
358 3743 420 3804 nisi
443 3743 477 3804 in
501 3747 667 3824 poetarum
691 3745 723 3805 et
744 3739 906 3804 inferioris
929 3739 1041 3802 aetatis
1069 3738 1258 3821 scriptorum

128 3868 200 3929 usu,
230 3848 324 3911 ouius
349 3845 497 3928 exempla
519 3844 661 3908 attulerit
685 3843 756 3907 Otto
781 3843 913 3908 Iahnius
937 3842 1073 3925 Vergilii
1096 3843 1259 3906 Aeneidos

128 3951 146 4013 l.
163 3949 239 4031 XII,
264 3951 330 4013 348
339 3937 352 4012 2'
379 3948 568 4013 Eumenidas
598 3951 719 4013 uomu'ua
749 3969 839 4012 uuum
863 3946 1009 4029 referens,
1039 3948 1143 4010 auimo
1166 3949 1259 4010 mori-

129 4055 238 4141 busque
255 4058 420 4140 porcutcm
444 4056 476 4115 et
498 4049 582 4113 Livii
605 4049 624 4114 l.
641 4050 682 4133 X,
708 4053 736 4132 l,
761 4053 798 4113 3:
822 4050 986 4115 Rettulisse
1008 4050 1125 4114 dicu'tur
1147 4047 1261 4114 Decius

125 4162 265 4244 parentas
283 4159 335 4222 sui
353 4158 488 4240 speciem,
511 4155 632 4239 quolam
654 4175 723 4218 eum
747 4154 844 4234 multi,
869 4155 923 4238 qui
945 4155 980 4216 in
1003 4153 1138 4217 contione
1160 4159 1259 4234 eruut,

218 4297 238 4367 ¹)
256 4295 365 4351 Eadem
378 4292 436 4346 lere
451 4290 515 4346 Otto
532 4291 647 4344 Iahnius
661 4290 816 4358 protulerat
834 4288 864 4342 in
882 4288 973 4356 prima
985 4287 1111 4344 Oratoris
1128 4286 1260 4356 editione,

130 4382 224 4438 sedin
243 4383 337 4437 altera
356 4381 471 4432 secutus
491 4380 534 4430 ast
546 4376 712 4444 victorium,
734 4375 813 4430 cuius
833 4375 867 4429 de
887 4374 1019 4442 opinione
1039 4372 1135 4427 statim
1154 4377 1262 4442 agetur.
