3270 5250
762 431 889 485 Robert
909 429 1025 497 Bloch,
1367 417 1459 503 [326]

778 1067 1009 1131 APPENDIX.

513 1217 541 1277 1.
565 1213 803 1296 Exegetioae
827 1211 1074 1293 quaestiones
1098 1212 1273 1276 selectae.
1300 1219 1302 1224 '

660 1359 689 1437 a)
712 1355 761 1419 De
783 1353 936 1417 ‘Gnidiae'
960 1373 1126 1418 marmore.

419 1496 641 1562 Pseudo-Luc.
661 1514 757 1558 amor.
779 1496 819 1557 13
839 1514 868 1577 p.
885 1495 967 1556 411:
993 1495 1027 1557 Ἡ
1052 1497 1107 1572 μέν
1132 1495 1191 1558 οὖν
1212 1495 1285 1558 θεὸε
1309 1494 1343 1557 έν
1368 1494 1459 1571 μέειυι

328 1601 563 1679 καθίδρυται-
576 1600 720 1677 Παρίαε
739 1599 807 1677 δὲὶ)
826 1597 913 1660 λίθου
930 1597 1089 1674 δαίδαλμα
1105 1597 1267 1660 κάλλιστον
1285 1632 1327 1641 -
1344 1595 1459 1672 ὑπερή-

329 1722 436 1784 φανον
467 1705 516 1765 καὶ
545 1701 682 1780 εεεηρότι
705 1701 819 1774 γέλωτι
842 1700 951 1777 μικρὸν
975 1699 1192 1776 ὑπομειδιῶεα.
1230 1699 1304 1781 lpse
1328 1697 1459 1779 quidem

329 1805 505 1886 Lucienus,
529 1805 621 1886 Iupp.
642 1809 719 1884 trag.
742 1802 784 1864 10
808 1801 888 1864 haec
916 1804 1056 1864 enarrat:
1087 1802 1220 1880 Ἑρμῆε·
1250 1801 1309 1880 οὐχ
1338 1799 1397 1865 dcc
1424 1821 1459 1874 γε

328 1909 394 1992 (sol.
419 1911 513 1986 χρυεῆ
534 1903 571 1988 εί)
595 1906 621 1968 ιίι
641 1906 809 1985 Ἀφροδίτη
834 1904 912 1982 κάμὲ
936 1904 1027 1985 ὁρᾶν,
1052 1903 1117 1967 ἀλλ’
1142 1903 1167 1967 εἰ
1190 1906 1230 1982 μὴ
1254 1907 1338 1968 πάνυ
1364 1906 1458 1984 ληρῶ,

331 2013 420 2077 λίθου
438 2013 497 2074 τοῦ
517 2012 631 2073 λευκοῦ
647 2008 885 2084 Πεντέληθεν
910 2002 992 2084 οἶμαι
1011 2010 1254 2087 λιθοτομηθεῑεα,
1279 2003 1343 2071 εἶτα
1362 2006 1458 2069 δόξαν

330 2113 416 2178 οὕτω
431 2112 612 2190 Πραξιτέλει
628 2111 794 2188 Ἀφροδίτη
811 2110 964 2188 γενομένη
983 2109 1112 2173 Κνιδίοιε
1131 2110 1320 2188 παρεδόθηε.
1346 2109 1458 2190 ltaque

329 2217 424 2282 Pario
449 2235 489 2278 an
512 2213 678 2277 Pentelico
701 2231 856 2276 marmore
880 2212 978 2276 inerit
1001 2212 1172 2276 Praxitelis
1195 2213 1331 2296 signum,
1356 2212 1460 2276 adhuc

330 2321 392 2384 viri
408 2318 493 2383 docti
514 2318 698 2400 dubitanti).
735 2317 822 2394 Quae
842 2317 1016 2381 difficultas
1035 2337 1101 2381 non
1119 2336 1157 2381 eo
1177 2322 1356 2401 superatur,
1376 2315 1461 2399 quod

330 2423 477 2488 ‘amores'
500 2422 645 2486 libellum
671 2420 985 2505 pseudepigraphum
1011 2440 1080 2485 esse
1105 2440 1194 2483 nuno
1219 2420 1356 2500 seimus3
1388 2440 1461 2483 nam

331 2529 430 2592 altera
457 2526 588 2590 accedit.
623 2525 826 2589 Ptolemaeus
854 2525 941 2588 eninr
965 2524 1125 2605 ChennuS,
1154 2524 1246 2586 euius
1270 2525 1406 2606 vestigia
1428 2524 1460 2584 in

330 2631 494 2714 prooemio
519 2628 738 2712 componendo
764 2649 782 2691 a
805 2632 913 2691 nostro
932 2646 1043 2711 pressa
1062 2646 1131 2691 esse
1150 2627 1299 2708 vidimus,
1323 2646 1461 2690 marmor

331 2733 534 2798 Pentelioum
554 2736 708 2795 memorat
715 2733 745 2812 ³).
777 2730 877 2807 Quam
899 2730 938 2793 ob
954 2749 1024 2794 rem
1040 2730 1121 2794 duae
1136 2735 1271 2813 possunt
1287 2729 1462 2812 excogitari

332 2835 631 2919 argumentationes.
656 2836 725 2898 Aut
748 2833 834 2898 enim
857 2834 949 2896 utin
972 2833 1099 2896 fabulae
1120 2832 1257 2916 propriis
1276 2832 1461 2896 nominibus

333 2937 516 3003 omittendis
546 2940 586 3020 (p.
603 2938 646 2999 44
667 2937 724 3019 sq.)
755 2937 934 3000 Lucianum
963 2941 1094 3000 secutus
1124 2940 1186 3016 est,
1217 2936 1261 2997 ita
1291 2935 1353 2998 hoc
1383 2935 1460 3014 loce,

332 3044 501 3125 propterea
524 3040 610 3123 qnod
633 3039 715 3102 illud
738 3035 822 3118 οἶμαι
846 3039 1042 3121 lepidissime
1067 3039 1188 3101 dictum
1205 3058 1319 3121 parum
1339 3037 1461 3101 intelle-

334 3164 412 3228 gens
442 3143 622 3207 Lucienum
652 3141 691 3207 de
721 3143 887 3205 marmoris
920 3141 1043 3224 origine
1074 3141 1235 3205 dubitasse
1265 3141 1462 3225 opinabatur,

332 3268 547 3280 ———·

425 3319 446 3388 ¹)
455 3319 621 3388 Nescio,cur
632 3319 843 3374 Sommerbrodt
851 3320 926 3374 hanc
935 3336 1033 3374 vocem
1049 3320 1203 3388 secluserit,
1213 3335 1276 3372 curn
1287 3319 1463 3373 enuntiatum

335 3406 365 3459 ἐν
383 3406 549 3470 παρενθέεει
568 3405 611 3459 sit.
756 3435 760 3442 x

426 3491 446 3558 ί)
466 3489 570 3556 Brunn,
591 3490 690 3545 Gesch.
711 3491 736 3544 d.
757 3491 860 3559 griech.
879 3490 1032 3544 Kiinstler'
1050 3491 1061 3543 l
1080 3488 1151 3556 238;
1181 3489 1339 3556 Overbeck,
1365 3488 1462 3542 Gesch.

334 3576 359 3631 d.
380 3575 482 3644 griech.
503 3574 628 3632 Ρίαοίίλι4
641 3576 664 3628 ll
679 3576 714 3630 45
728 3593 767 3645 sq.
783 3576 863 3645 Sitti,
883 3575 1084 3644 Archaeologie
1103 3575 1152 3628 der
1171 3573 1269 3644 Kunst‚
1289 3574 1342 3628 643
1362 3578 1389 3627 et
1404 3572 1464 3627 Col·

333 3661 438 3730 lignon,
459 3660 557 3714 Gesch.
578 3660 603 3713 d.
622 3660 724 3728 griech.
740 3661 846 3715 Plastik
863 3662 886 3715 ll
904 3660 955 3714 291
971 3677 1011 3728 sq.
1031 3661 1070 3730 (in
1090 3675 1248 3714 sermonem
1268 3659 1464 3714 Germanicum

333 3745 473 3800 convertit
485 3745 684 3815 Baumgarten)
704 3745 756 3799 etsi
775 3745 947 3800 difficultatis
966 3747 1138 3800 mentionem
1156 3762 1215 3799 non
1233 3746 1350 3812 iaciunt,
1370 3749 1464 3800 tamen

335 3847 407 3897 earn,
426 3830 482 3884 nisi
500 3829 589 3899 fallor,
608 3836 755 3885 noverunt.
783 3832 879 3901 Neque
890 3831 1033 3885 Diirnmler
1051 3831 1126 3899 apud
1144 3832 1199 3885 PW
1211 3830 1222 3884 l
1235 3832 1307 3885 2783
1320 3847 1359 3901 sq.
1372 3835 1464 3884 utrum

334 3915 419 3969 fuerit
437 3931 568 3984 marmor,
588 3931 640 3968 nos
660 3916 766 3970 edocet.
786 3916 866 3970 Prius
886 3916 930 3985 (ci.
952 3916 1062 3970 Smithii
1081 3917 1134 3969 lex.
1149 3933 1174 3969 ν,
1190 3915 1295 3970 Cnidus
1316 3920 1343 3970 et
1361 3915 1462 3970 Praxit.

336 4002 363 4053 et
387 3998 531 4053 Overbeck
553 3999 587 4052 l.²
611 4000 634 4052 ll
657 3999 703 4069 33)
726 4000 838 4054 Parium
865 4017 989 4055 marmor
1012 4000 1099 4055 inisse
1129 4004 1288 4055 statuerunt
1311 4001 1364 4054 viri
1390 3999 1463 4054 docti

334 4085 464 4138 ‘amores'
483 4083 580 4138 secuti.
905 4085 907 4092 ⁴
1035 4150 1042 4162 ο

426 4168 447 4236 ³)
465 4169 561 4237 Neque
581 4169 657 4222 enim
677 4186 694 4223 a
713 4171 809 4224 Ttetza
827 4172 899 4226 haee
919 4170 1015 4224 addita
1034 4187 1096 4224 esse
1119 4185 1223 4239 ponere
1242 4170 1320 4238 licet,
1350 4186 1413 4223 curn
1431 4185 1464 4222 ex

335 4251 379 4316 iis,
404 4268 476 4320 quae
495 4253 610 4306 Photius
635 4254 705 4322 (cod.
727 4255 788 4323 190)
810 4256 894 4310 nobis
918 4255 1041 4322 tradidit,
1061 4272 1146 4325 quarn
1165 4255 1277 4324 copiose
1298 4260 1383 4325 atque
1402 4254 1464 4308 sub-

336 4335 422 4390 tiliter
440 4337 487 4391 ille
507 4355 552 4392 res
572 4338 697 4407 singulas
716 4341 889 4409 tractaverit,
908 4340 1101 4409 perspiciatur.
