3240 5252
344 483 388 546 40
791 484 911 540 Petrus
930 485 1022 543 Reis.
1384 477 1466 561 [200]

434 659 633 742 Quamquam
651 658 704 722 hio
719 676 792 738 nou,
816 657 902 720 utin
918 656 1182 720 mrteoedentibus
1199 656 1366 740 exemplis,
1386 657 1469 720 deest

342 763 442 828 altera
465 781 538 846 pars
561 762 740 844 geminatae
759 757 926 824 cuiusdam
944 759 1211 840 interrogationis,
1237 766 1345 822 tamen
1363 760 1468 823 relicta

343 867 601 949 interrogationis
625 864 740 927 dubiae
763 862 866 924 forma
889 861 1072 925 deflectitur
1095 863 1196 924 oratio
1219 863 1254 923 in
1280 867 1400 926 certam
1418 883 1469 925 vo·

343 971 476 1034 luntatis
496 967 782 1047 declamtionem1).
813 965 1024 1028 Productmda
1047 966 1131 1028 enim
1148 965 1357 1046 interrogatio
1379 965 1471 1027 dubia

342 1079 412 1140 erat
440 1091 543 1156 usque
573 1071 613 1134 ad
641 1070 775 1134 verbum
807 1070 892 1152 quod
916 1076 966 1134 ast
986 1070 1123 1153 fuemus
1151 1071 1192 1151 (v.
1215 1070 1276 1150 11).
1313 1068 1377 1133 Sed
1398 1071 1471 1152 quia

343 1177 512 1261 participio
531 1175 618 1258 quod
637 1179 686 1238 est
707 1175 807 1238 halari
828 1175 868 1251 (r.
889 1173 921 1252 9)
944 1171 1055 1237 eadem
1079 1174 1128 1236 vis
1151 1173 1237 1236 inest
1260 1178 1358 1254 atque
1381 1173 1408 1234 si
1428 1172 1472 1235 di-

343 1286 432 1346 ceret
455 1279 606 1343 Horatius
628 1299 698 1342 cnm
722 1283 819 1341 mento
840 1283 920 1340 certo
948 1275 1027 1357 forti
1048 1297 1117 1340 cum
1140 1276 1227 1358 serre
1244 1279 1400 1361 possim
1423 1277 1471 1339 vel

343 1403 432 1471 quem
447 1390 544 1448 menta
559 1389 638 1446 cerlo
653 1379 732 1463 forti
745 1378 832 1462 ferre
842 1382 1013 1464 poterimus
1028 1381 1124 1461 atque
1141 1384 1267 1442 certum
1281 1379 1347 1441 iam
1364 1378 1472 1442 subest

344 1485 511 1566 iudicium,
543 1502 656 1548 versus
689 1484 747 1564 qui
779 1485 960 1564 sequrmtur
990 1483 1025 1544 in
1055 1482 1153 1546 dubio
1187 1483 1264 1565 poni
1296 1489 1471 1572 nequeunt,

344 1589 532 1672 praesertim
551 1605 624 1650 oum
641 1585 707 1649 illic
726 1591 819 1667 poeta
843 1585 1069 1667 amplificando
1088 1585 1128 1648 de
1145 1585 1307 1649 laboribus
1323 1587 1472 1668 loquatur

344 1692 439 1756 etiam
455 1688 631 1752 maioribus
654 1707 750 1770 quam
773 1693 849 1750 sunt
870 1689 903 1769 ii,
927 1705 1007 1770 quos
1026 1707 1061 1752 se
1080 1689 1175 1751 simul
1193 1709 1266 1752 oum
1286 1689 1473 1753 Maecenate
1591 1751 1592 1756 ,

344 1793 509 1876 suscipere
533 1791 614 1856 velle
639 1791 722 1854 dixit
744 1795 880 1870 antean.

434 1895 580 1958 Eundem
605 1895 702 1977 igitur
728 1894 763 1955 in
795 1893 924 1957 modum
952 1899 1047 1976 atque
1078 1894 1110 1956 hi
1143 1913 1225 1977 quos
1255 1895 1381 1958 contuli
1413 1896 1473 1960 looi

343 1997 602 2082 interpretandae
627 2001 703 2060 suut
726 1995 869 2086 Oratoris
892 1995 1029 2060 Tulliani
1054 1997 1217 2080 §§4-—6:
1248 1998 1366 2077 Quodsi
1388 2019 1472 2084 quem

343 2109 399 2167 aul
421 2108 538 2166 namra
562 2121 619 2164 sua
641 2098 720 2184 [aul]
744 2099 800 2163 illa
816 2102 1006 2183 praestantia
1032 2103 1152 2186 irtyeaii
1178 2103 1222 2164 oia
1249 2100 1331 2182 foria
1359 2101 1474 2184 dariam

342 2212 399 2270 aul
421 2208 525 2269 minus
547 2207 715 2269 indractum
737 2205 797 2267 erit
819 2221 1005 2286 propriarum
1028 2203 1145 2265 artium
1169 2201 1352 2286 disciplinis,
1377 2209 1474 2267 terami

343 2315 446 2372 tamen
457 2328 526 2372 eam
537 2325 662 2371 carmem
678 2325 764 2390 quem
776 2306 903 2388 poleal3
916 2305 1025 2387 prima
1040 2307 1121 2368 anim
1136 2311 1304 2389 wpnericm
1317 2305 1472 2370 honestum

250 2448 252 2452 ·
342 2418 386 2476 cal
408 2413 443 2475 ia
470 2409 609 2474 monadis
631 2410 786 2492 tertiisque
808 2409 973 2470 masalma
1007 2411 1060 2470 Aa
1082 2409 1116 2470 in
1136 2409 1233 2490 poclis
1252 2415 1315 2470 non
1339 2406 1474 2472 Homero

343 2515 400 2579 soli
421 2515 507 2577 locus
519 2519 570 2593 est,
594 2518 628 2576 at
646 2511 684 2576 de
704 2511 830 2574 Graan
848 2509 965 2594 loquar,
989 2515 1043 2572 aut
1062 2508 1244 2574 Archilocho
1261 2516 1318 2573 aul
1335 2507 1474 2594 Sophocli

341 2624 399 2681 aut
421 2616 571 2697 Pindaro,
595 2615 647 2680 scal
669 2614 780 2678 horum
802 2617 847 2679 uel
868 2616 1008 2680 mundis
1030 2615 1074 2679 ael
1096 2619 1189 2680 ethim
1208 2615 1299 2698 infru
1319 2619 1471 2682 mundos.

343 2719 407 2784 Noc
435 2741 503 2784 uero
525 2718 709 2782 Armatam
735 2721 770 2782 ia
788 2719 983 2804 philosophia
1006 2717 1157 2784 deterruit
1184 2719 1386 2784 ascribendo
1408 2743 1473 2784 am·

336 2823 462 2908 plitudo
480 2821 620 2886 Platonas
642 2842 695 2886 aec
717 2825 781 2906 ipa
798 2825 975 2889 Aristolehs
993 2824 1175 2888 admirabili
1192 2824 1328 2909 quadam
1347 2828 1472 2890 sciealra

343 2932 371 2991 el
386 2929 473 3010 copia
487 2933 653 2990 ceterorum
668 2928 773 2991 audio
789 2931 938 2992 restinxit.
969 2926 1032 2992 Nec
1047 2928 1142 2991 adum
1163 2927 1201 2991 ah
1221 2931 1345 3012 optimis
1363 2931 1473 2994 studiis

340 3030 514 3096 muham
541 3032 602 3094 oiri
628 3031 769 3093 deterriti
795 3051 856 3096 noa
883 3039 968 3110 aaut,
998 3032 1051 3096 saal
1080 3051 1117 3095 aa
1146 3031 1265 3116 opifices
1293 3035 1418 3118 quidem
1445 3055 1473 3098 se

340 3130 455 3212 <ab>³l
483 3132 603 3197 omibus
629 3135 703 3198 suis,
719 3140 923 3215 removerunt,
953 3136 1007 3219 qui
1033 3139 1089 3197 aut
1116 3128 1225 3218 Ialysi,
1254 3155 1342 3218 quem
1372 3135 1474 3200 Rhodi

437 3274 455 3342 ¹)
473 3274 549 3328 Bene
562 3275 636 3328 hanc
650 3279 818 3330 structuram
829 3276 1028 3343 interpretatur
1037 3270 1221 3343 Kiesslingius
1234 3275 1264 3328 in
1278 3275 1321 3330 ed.
1332 3277 1375 3331 IV.
1386 3277 1474 3346 parti

342 3359 528 3414 adnotatione
541 3377 602 3428 pag.
616 3361 683 3415 410:
701 3357 741 3414 Ἣ.
756 3361 850 3415 wollte
861 3361 1018 3415 fortiahrcn
1035 3374 1072 3412 an
1081 3359 1195 3427 fortiter
1207 3367 1232 3412 te
1241 3377 1394 3430 aequemur,
1409 3363 1474 3417 aber
1591 3433 1592 3436 Ἰ

341 3443 382 3496 da
399 3444 550 3498 Maecenas
570 3444 634 3498 dem
649 3459 754 3512 parum
772 3445 870 3511 fimus
888 3445 933 3499 dic
952 3445 1042 3513 xmo,
1063 3445 1107 3499 die
1127 3446 1281 3514 Strapazen
1307 3447 1357 3500 des
1377 3448 1473 3501 Feldcs

344 3544 379 3581 zu
399 3533 534 3596 ertragem
554 3529 632 3582 nicht
651 3535 770 3597 zutraut‚
790 3547 822 3586 so
842 3531 900 3585 tritt
920 3531 969 3586 der
988 3547 1045 3584 von
1057 3531 1151 3586 Hause
1170 3546 1222 3584 aus
1241 3533 1473 3600 untergeordnete

342 3613 478 3666 Gedanke
497 3629 534 3667 an
553 3615 598 3669 die
611 3616 766 3684 Ertragung
785 3617 835 3670 der
853 3616 964 3670 Miihsal
984 3615 1048 3670 dem
1065 3631 1211 3683 sequemur
1226 3615 1474 3685 gleichberechtigt

343 3714 396 3750 zur
414 3698 497 3766 Seite,
515 3699 546 3767 ja
565 3699 665 3769 drangt
685 3702 745 3754 sich
765 3701 927 3754 demselben
946 3701 1015 3755 vor?

436 3785 456 3852 ²)
475 3770 551 3852 Item,
571 3789 602 3838 ut
615 3786 660 3839 hic
672 3783 813 3853 Horatius,
827 3784 981 3855 amplificat
993 3787 1023 3840 in
1036 3786 1227 3841 enumerando
1246 3787 1374 3854 pericula
1392 3787 1473 3843 amici
1591 3841 1592 3860 χ

342 3868 436 3935 gratia
455 3868 602 3923 subeunda
621 3869 781 3938 Propertius
800 3872 819 3938 1,
833 3873 858 3938 6,
873 3890 941 3926 1-4:

507 3953 568 4006 Non
589 3971 635 4021 eqo
654 3973 727 4009 nunc
745 3957 873 4008 Hadriae
891 3973 986 4011 aanor
1003 3968 1080 4010 marc
1098 3973 1207 4011 noscere
1225 3964 1322 4023 tecum,

563 4039 650 4105 Tulle,
670 4057 754 4108 neque
773 4042 880 4107 Aeyaco
899 4043 998 4094 auare
1016 4042 1075 4093 vela
1093 4042 1162 4107 salo,

508 4123 576 4175 Cum
595 4140 646 4191 quo
665 4125 803 4192 Rhipaeos
819 4129 925 4192 possim
944 4129 1120 4180 conscendere
1139 4133 1241 4179 montes

565 4209 738 4276 (interiusque
756 4212 833 4263 domo
852 4209 951 4262 vadere
969 4207 1135 4263 Memnonia.

437 4292 457 4358 ³)
468 4292 642 4362 Quamquam
653 4293 782 4348 iordanio
794 4294 846 4361 (Za.
855 4294 873 4348 f.
885 4294 910 4347 d.
922 4295 1019 4364 Gymn.
1031 4296 1056 4361 5,
1065 4293 1127 4362 550)
1143 4294 1268 4349 concedo
1282 4294 1402 4350 Tullium
1412 4295 1472 4349 aliis
1591 4291 1592 4338 l

344 4389 456 4442 quoque
475 4377 545 4430 locis
563 4377 725 4431 removendi
739 4379 855 4432 verbum
870 4379 932 4433 sine
945 4381 1003 4433 ulla
1016 4380 1233 4447 praepositione,
1254 4380 1304 4434 sed
1320 4397 1399 4435 mero
1412 4397 1473 4435 cum
