3240 5252
359 502 401 564 94
809 509 929 562 Petrus
948 507 1040 574 nais,
1396 498 1481 584 [2541

358 679 438 762 an.
463 679 492 742 S.
512 681 574 741 153
598 679 657 759 nr,
682 679 746 742 nnd
776 680 834 743 der
858 681 940 742 vitae
972 685 1224 762 naturarumque
1254 680 1400 760 imitatio,
1430 680 1484 744 der

358 783 513 862 ἠθοποιὶα,
536 782 609 845 Rut.
626 781 706 865 Imp.
725 782 755 845 S.
775 784 837 845 130
857 781 967 864 (Rasin
987 783 1017 847 S.
1035 784 1100 846 274
1125 783 1301 846 iibersetzt:
1327 782 1483 864 figuratio,

358 885 544 968 expressio).
582 884 682 948 Beide
714 885 854 966 Figuron
890 885 995 949 baben
1031 905 1066 950 es
1101 887 1159 948 mit
1191 885 1248 948 der·
1282 882 1485 965 Darstellung

357 987 498 1050 fremder
521 987 712 1052 Charaktere
735 1009 774 1051 zu
800 990 888 1052 tun.'’
920 988 1011 1052 Idem
1034 991 1133 1072 igitur
1156 989 1209 1051 hio
1232 988 1332 1050 sentit
1355 991 1484 1049 naturae

357 1110 422 1153 vox
446 1095 541 1172 atque
565 1093 731 1172 χαρακτήρ,
757 1091 842 1172 qnod
866 1092 999 1155 minime
1023 1092 1186 1174 signifieat
1207 1091 1240 1153 in
1266 1091 1356 1152 hisae
1381 1108 1486 1152 exem-

357 1193 418 1276 plis
436 1193 628 1257 aFriderico
645 1193 685 1256 ad
700 1195 895 1276 singularem
907 1213 1079 1258 numerum
1092 1193 1333 1258 defendendum
1346 1191 1483 1255 collatis:

357 1297 405 1362 De
430 1318 473 1361 or.
489 1299 514 1379 1,
538 1300 599 1361 48;
635 1298 739 1384 Neque
768 1301 850 1362 enim
879 1302 944 1362 sine
967 1300 1065 1363 mutto
1090 1300 1328 1383 pertractatione
1350 1298 1485 1360 omnium

358 1423 464 1466 rerum
491 1401 689 1485 publicarum
722 1424 817 1488 neque
848 1405 914 1466 sine
945 1403 1054 1488 tepum,
1087 1422 1216 1481 morum,
1250 1400 1332 1463 iuris
1364 1400 1486 1461 scientia

357 1526 452 1590 neque
470 1511 587 1569 natura
606 1504 764 1569 bominum
787 1509 943 1591 incoquita
966 1527 1001 1569 cc
1025 1504 1159 1569 moribus
1181 1507 1216 1566 in
1239 1505 1279 1568 iis
1301 1505 1378 1586 ipsis
1400 1501 1486 1564 rebus

356 1611 432 1672 satis
454 1609 564 1672 callide
594 1611 711 1672 uersari
732 1616 760 1673 et
784 1612 885 1693 perite
907 1615 1019 1693 potest,
1050 1607 1098 1671 De
1124 1628 1166 1670 or.
1184 1607 1224 1688 11,
1250 1607 1308 1668 68;
1334 1604 1485 1689 Equidem

358 1713 472 1790 omnia,
496 1732 573 1795 quae
590 1714 748 1795 pertinent
770 1712 814 1775 ad
831 1733 921 1776 risum
938 1714 1059 1792 oinium,
1084 1731 1197 1775 merem
1219 1709 1389 1789 trerminum,
1412 1729 1485 1792 quae

261 1883 264 1890 ,
358 1820 521 1877 uersentur
543 1816 578 1876 in
601 1814 819 1878 consuetudine
837 1818 923 1895 ritae,
946 1818 982 1878 in
1002 1817 1122 1878 ratione
1138 1817 1187 1878 rei
1205 1813 1355 1897 publicae,
1379 1813 1412 1873 in
1431 1809 1486 1873 bac

358 1921 495 1981 societate
509 1918 599 1997 cirili,
618 1921 652 1981 iu
671 1939 760 1982 sensu
775 1918 907 1982 bominis
925 1921 1086 1997 communi,
1105 1921 1140 1981 iu
1156 1923 1280 1995 natura,
1299 1918 1335 1979 in
1353 1913 1486 1978 moribus

359 2020 708 2105 comprehendendaesse
717 2025 931 2106 oratoriputo,
946 2021 1077 2097 Quintil.
1088 2021 1180 2102 VI,2,
1191 2022 1248 2083 13:
1272 2017 1485 2098 Virtusp'rboc)

358 2143 393 2186 ea
406 2129 455 2202 est,
476 2130 510 2187 ut
530 2123 628 2206 fluere
646 2127 749 2188 omnia
772 2146 809 2189 eir
825 2132 941 2190 natura
960 2147 1065 2190 rerum
1084 2125 1299 2208 bominumque
1315 2122 1483 2186 rideantur.

447 2223 642 2309 Propterea,
660 2246 743 2308 quae
763 2229 906 2309 exposui,
927 2229 1014 2291 hunc
1029 2227 1136 2291 locum
1153 2229 1200 2290 sio
1215 2224 1424 2289 scribendum
1439 2243 1484 2285 ar-

358 2327 471 2391 bitror:
489 2328 581 2392 Duae
597 2350 645 2393 res
659 2337 731 2395 suut
745 2334 836 2411 enim,
852 2352 929 2416 quae
945 2331 1016 2396 bene
1032 2338 1180 2396 tractatae
1195 2331 1233 2395 ab
1248 2335 1372 2392 oratore
1387 2328 1484 2390 admi·

358 2432 485 2496 rabilem
504 2433 703 2518 eloquentiam
727 2433 856 2516 faciant.
888 2435 1026 2514 Quorum
1045 2435 1175 2498 atterum
1199 2439 1250 2512 est,
1274 2431 1355 2516 quod
1376 2431 1486 2493 Graan

357 2534 465 2611 ἠθικόν
485 2543 598 2615 cocant,
617 2537 660 2600 ad
677 2544 810 2601 naturas
824 2543 853 2600 et
867 2538 910 2601 act
925 2559 1023 2602 mores
1038 2543 1066 2600 et
1081 2537 1124 2601 cd
1138 2557 1256 2600 amnem
1271 2536 1350 2598 citae
1366 2553 1483 2596 cousue-

358 2639 495 2702 tudinem
508 2640 774 2719 accommodatum,
790 2641 932 2721 alterum,
945 2640 1117 2726 quotidem
1129 2637 1302 2715 παθητικόν
1316 2638 1483 2714 nominant,

357 2761 416 2824 quo
430 2741 658 2824 perturbantur
675 2745 775 2806 animi
792 2749 820 2806 ct
835 2745 1035 2823 concitantur,
1054 2743 1089 2806 ia
1104 2764 1162 2829 quo
1177 2763 1239 2806 uuo
1254 2746 1364 2824 repunt
1379 2739 1482 2801 oratio.

447 2922 464 2999 ἕ
487 2921 558 2982 130.
589 2919 637 2983 De
661 2940 695 2984 se
719 2923 788 3004 ipse
812 2922 983 3004 profitetur
1003 2921 1130 2985 Cicero:
1157 2923 1240 3002 Quid
1263 2939 1315 3004 epo
1339 2921 1376 2983 de
1399 2922 1483 2982 mise-

357 3021 527 3085 rationibus
549 3022 682 3107 toquar‘?
707 3025 823 3104 Quibus
840 3046 872 3088 eo
890 3045 958 3088 sum
978 3046 1051 3088 usus
1068 3025 1214 3109 pluribus
1236 3025 1325 3109 quart,
1350 3024 1484 3087 etiamsi

353 3125 462 3208 plures
481 3125 661 3206 dicebamur,
680 3131 907 3209 perorationem
925 3128 1002 3192 mibi
1022 3135 1123 3194 tamen
1138 3149 1239 3192 omues
1262 3126 1481 3211 relinquebant,

356 3230 391 3291 iu
414 3249 472 3313 quo
495 3234 529 3292 ut
552 3229 672 3292 riderer
695 3231 842 3311 excellere,
866 3253 928 3296 non
950 3235 1080 3316 inperio,
1103 3233 1156 3296 sed
1178 3232 1281 3295 dolore
1298 3229 1482 3315 assequetur.

359 3329 442 3410 Quae
465 3331 697 3416 qualiacumque
724 3336 757 3395 in
782 3354 829 3397 me
851 3341 923 3397 sunt
946 3371 989 3380 -
1012 3356 1059 3398 me
1082 3337 1163 3399 enim
1191 3333 1284 3417 [euim
1309 3331 1335 3396 L
1359 3353 1419 3396 om.
1443 3331 1481 3413 A]

355 3437 457 3518 ipsum
481 3457 543 3499 non
567 3435 639 3518 [nou
656 3435 682 3499 L
697 3457 756 3501 om.
775 3438 816 3521 A]
839 3441 974 3522 paenitet
998 3445 1114 3523 quanta
1129 3441 1191 3502 sint
1208 3476 1249 3482 —
1267 3438 1320 3501 secl
1334 3442 1483 3521 apparent

355 3539 390 3600 in
413 3538 600 3602 orationibus
624 3557 649 3602 e.
670 3559 698 3620 q.
717 3558 741 3602 s

445 3642 636 3706 Locumatt
591 3643 690 3724 attigi,
718 3663 784 3706 non
808 3663 872 3724 qno
897 3663 980 3706 nova
1002 3644 1146 3726 proferre
1173 3645 1302 3727 possim,
1331 3644 1387 3708 sed
1412 3647 1483 3726 quia

356 3744 505 3808 codicum
535 3744 635 3808 fidem
659 3745 740 3809 bene
763 3746 901 3809 illus
839 3751 909 3809 ra
948 3748 998 3810 Ao
1020 3748 1161 3830 primum
1188 3748 1359 3847 negationi,
1390 3768 1480 3830 quam

356 3847 450 3910 habet
473 3846 507 3929 L,
531 3847 584 3911 hio
607 3848 698 3910 loons
722 3868 787 3911 non
811 3855 876 3912 est.
901 3849 1060 3913 Abhorret
1048 3851 1170 3914 tenim
1193 3871 1212 3913 a
1234 3856 1300 3913 tota
1328 3851 1482 3914 sententia

356 3954 428 4012 eta
457 3950 545 4013 mul
525 3955 564 4013 1s
596 3951 666 4013 aliis
697 3951 775 4014 locis
805 3952 903 4016 huius
934 3953 1101 4035 similibus,
1130 3959 1166 4016 ut
1154 3953 1242 4016 tOr
1263 3955 1481 4037 §104106

359 4054 430 4133 132,
456 4054 1480 4138 141,,14320119011321).113111192113311011811111311

391 4239 393 4242 .
449 4195 687 4262 ¹)Exscribnntur
707 4195 751 4249 Or.
766 4195 868 4265 5104:
896 4203 1004 4249 tantum
1031 4198 1111 4264 abest,
1139 4205 1169 4248 ut
1188 4203 1283 4250 nostra
1305 4201 1439 4250 miremur
1456 4201 1480 4249 et
1595 4233 1596 4244 1

355 4277 396 4329 De
416 4294 454 4331 or.
469 4279 511 4345 111,
531 4279 565 4330 32
584 4295 748 4346 quamquam
770 4289 864 4334 memet
881 4285 936 4333 mei
950 4285 1080 4350 paenitet
1108 4283 1148 4336 De
1168 4285 1221 4338 hoc
1245 4284 1325 4337 verbi
1350 4282 1422 4352 quod
1441 4287 1479 4335 est
1595 4287 1596 4290 ’

352 4364 474 4426 pacruet
492 4380 545 4416 usn
564 4364 661 4417 confer
681 4365 719 4418 De
739 4367 816 4434 0111,
836 4369 868 4432 2;
888 4367 925 4421 ad
943 4368 1028 4436 Aul,
1049 4367 1091 4433 20,
1111 4369 1139 4433 3;
1159 4368 1215 4436 1111,
1236 4366 1278 4434 28,
1299 4370 1324 4422 2

447 4447 642 4514 ι)Ρ1]1101.44,
662 4449 715 4502 684
735 4455 763 4505 et
782 4451 824 4504 ed.
845 4453 950 4506 Tenbn
