3228 5268
314 419 357 472 De
378 414 503 487 Gregorii
521 415 693 472 Nazianzeni
712 415 885 471 orationibus
904 417 1076 473 funebribus.
1225 419 1268 481 55

132 590 333 668 rueretrueret
353 592 420 652 τῶν
442 593 497 666 τῆε
519 593 625 667 ψυχῆε
653 586 776 666 ἀρετῶν
803 589 859 651 τὰε
881 589 1006 668 πράξει(
1029 595 1192 657 διεξελθεῖν
1217 599 1268 661 καὶ

131 693 216 755 τὲλοτ
241 691 394 754 ἐπιθέντα
417 695 462 773 τῷ
485 692 570 775 λόγῳ
590 691 647 755 τὰε
670 691 744 758 ἕξετε
764 696 907 775 δηλῶεαι,
928 691 1003 758 ὅθεν
1023 694 1210 774 δρμῶμενοε
1227 701 1268 763 τὰ

8 785 9 788 “
131 797 274 860 κάλλιετα
302 799 373 858 τῶν
401 793 503 874 ἔργων
530 796 664 873 ἔδραεαε
692 796 741 859 καὶ
769 794 952 874 ἐβουλεύεω.
975 795 1078 879 τούτῳ
1102 798 1162 876 γὰρ
1184 795 1266 877 οἶμαι

8 925 9 974 ι
130 900 178 961 καὶ
201 903 268 962 τῶν
293 896 403 962 ἄλλων
425 899 554 964 πάντων
579 899 700 962 διοίεειν
720 898 776 961 τὸν
795 899 899 972 λόγον.
924 899 1028 977 οἱμὲν
1050 901 1109 979 γὰρ
1130 900 1179 964 ἐπὶ
1198 907 1286 966 τῶν’

129 1005 278 1079 πράξεων
301 1003 443 1066 ἵετανται
534 1002 596 1078 ἐγὼ
622 1005 658 1066 δὲ
682 999 764 1080 οἶμαι
794 1005 859 1066 δεῖν
881 1003 951 1080 περὶ
968 1005 1033 1065 τῶν
1057 1002 1182 1082 ἀρετῶν
1208 1006 1264 1069 τὸν

128 1109 270 1171 πλεῑετον
287 1105 389 1180 λόγον
405 1106 596 1188 ποιήτατθαι,
613 1105 669 1184 ἀφ’
692 1105 738 1170 ῶν
755 1103 939 1182 ὁρμώμενοι
960 1103 1009 1168 ἐπὶ
1027 1108 1181 1170 τοιοῦτον
1198 1112 1265 1171 τῶν

127 1210 393 1286 κατορθωμάτων
418 1209 517 1286 ἠλθεε.
540 1210 579 1273 τὰ
607 1212 662 1287 μὲν
690 1210 751 1286 γὰρ
775 1211 898 1272 πλεῖετα
924 1212 990 1272 τῶν
1014 1207 1125 1289 ἔργων,
1150 1211 1264 1287 εχεδὸν

126 1314 163 1374 δὲ
179 1314 293 1390 πάντα,
311 1311 389 1389 τύχη
406 1313 456 1374 καὶ
469 1301 647 1391 δορυφόροι
662 1313 712 1375 καὶ
728 1315 923 1388 στρατιωτῶν
940 1313 1099 1390 φάλαγγε(
1112 1361 1118 1376 .
1132 1360 1158 1375 ..
1174 1313 1213 1376 τὰ
1229 1315 1265 1377 δὲ

124 1418 183 1492 τῆς
203 1413 321 1492 ἀρετῆς
346 1412 425 1489 ἔργα
445 1415 546 1492 μόνον
565 1415 598 1476 τὲ
619 1413 677 1477 ἐετι
701 1415 758 1476 τοῦ
777 1415 958 1495 δράεαντοτ,
974 1415 1024 1476 καὶ
1046 1414 1063 1477 δ
1086 1415 1120 1478 ἐκ
1140 1415 1264 1479 τούτων

8 1527 9 1544 ’
125 1519 257 1583 ἔπαινοι
270 1518 392 1596 ἀληθὴε
403 1517 559 1580 καθεετῶε
570 1516 649 1581 ἴδιός
661 1516 721 1581 ἐετι
732 1516 1009 1594 τοῡκεκτημένου’.
1026 1515 1071 1580 Ut
1079 1517 1263 1601 Xenophon

123 1623 234 1704 igitur,
252 1622 299 1684 ita
315 1620 463 1684 Iulianus
476 1621 610 1683 virtutes
623 1622 695 1703 post
706 1618 963 1703 explanationem
979 1621 1138 1684 factorum
1155 1621 1264 1685 laudat

125 1730 156 1790 et
179 1725 328 1808 singulas
353 1724 490 1786 virtutes
512 1722 606 1786 tactis
630 1722 887 1805 testimoniisque
910 1724 1064 1808 oppositis
1085 1725 1262 1789 confirmat

125 1829 304 1911 Gregorius
333 1844 412 1889 vero
443 1843 603 1907 nusquam
631 1842 740 1906 neque
769 1823 804 1886 in
833 1822 893 1887 hac
922 1826 1065 1890 oratione
1092 1846 1199 1909 neque
1227 1828 1263 1890 in

124 1933 270 1995 oratione
306 1931 344 1992 in
378 1927 544 2010 Basilium,
580 1948 662 2011 quae
698 1927 830 1991 eandem
866 1928 1069 2011 partitionem
1103 1931 1261 1994 factorum

124 2037 155 2099 et
183 2035 351 2096 virtutum
383 2029 523 2112 exhibet,
553 2032 588 2093 in
623 2049 661 2094 ea
691 2033 789 2112 parte,
827 2049 909 2111 quae
944 2030 1073 2095 laudem
1104 2033 1262 2095 virtutum

123 2137 277 2218 continet,
300 2136 390 2199 facta
412 2133 466 2198 vel
488 2133 671 2197 testimonia
698 2131 805 2214 affert,
837 2153 903 2216 qua
925 2152 960 2197 re
984 2152 1056 2196 cum
1084 2134 1260 2198 Menandro

123 2241 293 2304 consentit.

212 2337 355 2402 Duobus
372 2339 480 2398 autem
495 2337 750 2401 testimoniorum
766 2339 936 2420 generibus
956 2342 1063 2402 orator
1080 2342 1179 2423 patris
1197 2342 1261 2404 vir-

8 2511 9 2538 ,
123 2446 205 2505 tutes
231 2440 425 2517 confirmat3
455 2440 594 2521 primum
617 2440 702 2503 enim
728 2459 811 2503 novo
835 2440 1055 2505 laudationum
1074 2446 1160 2528 τόπῳ
1183 2463 1260 2508 usus

124 2544 289 2608 miraculis
315 2561 372 2606 eas
396 2541 517 2625 probat.
541 2541 666 2607 Deinde
690 2563 732 2609 ex
754 2543 847 2607 tactis
866 2544 965 2627 patris
983 2543 1144 2628 rebusque
1163 2548 1261 2629 gestis

124 2650 317 2729 argumenta
342 2643 500 2706 virtutum
521 2663 634 2727 parare
657 2646 772 2727 studet,
802 2665 883 2728 quae
912 2649 1157 2730 argumentandi
1180 2651 1261 2714 ratio

124 2768 163 2813 ex
184 2750 270 2833 ipsis
293 2745 543 2810 transitionibus
560 2749 767 2831 perspicitur:
794 2756 899 2814 orator
918 2751 1004 2814 enim
1023 2757 1193 2834 postquam
1212 2771 1260 2834 op.

124 2854 163 2917 32
192 2853 343 2936 primum
374 2849 475 2932 patris
504 2850 625 2913 factum
656 2852 812 2934 exposuit,
843 2854 947 2936 pergit
977 2855 1080 2935 capite
1111 2855 1261 2937 sequenti

122 2958 177 3039 (ep.
195 2958 272 3037 33):
299 2955 426 3030 “ἕτερον
451 2955 486 3015 δὲ
504 2957 561 3017 τοῦ
582 2954 681 3018 αὐτοῦ
702 2958 751 3019 καὶ
770 2961 825 3034 τῆε
844 2957 940 3034 αὐτῆ(
959 2956 1088 3035 ἀνδρίας
1107 2959 1260 3040 διήγημα,

123 3079 183 3141 qua
210 3062 308 3143 parte
337 3059 488 3138 perorata
515 3075 636 3118 novum
664 3057 811 3141 adiungit
832 3059 954 3123 fectum
977 3060 1084 3123 verbis
1108 3062 1168 3142 (cp.
1190 3061 1259 3142 35):

123 3161 152 3225 ‘d
168 3166 203 3226 δὲ
226 3161 415 3225 τελευταῖον
433 3160 488 3235 μὲν
503 3163 568 3222 τῶν
585 3159 704 3223 ἐκείνου
721 3167 756 3240 τῇ
772 3163 863 3241 τάξει,
879 3166 1010 3239 πρῶτον
1026 3164 1063 3224 δὲ
1078 3169 1113 3244 τῇ
1131 3164 1260 3240 δυνάμει

124 3267 170 3328 καὶ
195 3263 366 3344 μὲγιετον’,
391 3266 644 3345 sequentemque
667 3265 882 3328 narrationem
904 3265 1018 3347 incipit
1037 3284 1055 3327 a
1074 3263 1179 3327 verbis
1199 3264 1258 3347 (op.

125 3369 191 3448 37):
217 3369 290 3432 ‘rofi
318 3367 356 3429 δὲ
381 3364 480 3428 αὐτοῦ
504 3366 599 3442 Ζήλου
623 3368 672 3430 καὶ
696 3367 714 3444 ἡ
739 3369 816 3430 κατὰ
838 3373 903 3430 τῶν
924 3368 1085 3446 αἱρετικῶν
1105 3366 1259 3430 ἔνεταειε’.

209 3471 369 3551 Denique
394 3468 530 3534 θάνατοι
553 3470 637 3532 sicut
659 3471 693 3532 in
718 3471 877 3553 epitaphio
906 3470 940 3532 in
964 3468 1149 3532 Caesarium
1172 3487 1258 3532 corn-

123 3578 340 3652 memoratum
367 3571 458 3634 deest
480 3590 555 3634 vero
580 3570 751 3655 descriptio
775 3571 926 3650 ἐκφοράε.

209 3678 293 3742 Pars
315 3674 530 3740 consolatoria
548 3674 677 3738 easdem
695 3675 869 3737 sententias
889 3681 984 3758 atque
1005 3680 1129 3738 ceterae
1146 3692 1259 3737 conso·

122 3778 256 3847 lationes
281 3778 427 3865 praebet.
451 3775 635 3840 Notandum
658 3782 766 3840 autem
785 3781 833 3840 est
848 3778 1085 3842 adhortationes
1101 3778 1259 3840 oratorem
1370 3783 1372 3787 ’

123 3881 213 3962 plane
238 3884 408 3952 omisisse;
433 3897 540 3961 neque
562 3879 597 3942 id
621 3879 690 3944 sine
714 3897 826 3942 causa:
852 3900 925 3944 curn
945 3880 1153 3944 constitutum
1173 3882 1260 3940 esset

124 3987 282 4051 orationes
315 3982 431 4047 haberi
460 3980 552 4063 duae,
584 3982 730 4066 Gregorii
758 3984 796 4045 ut
824 3983 885 4046 filii
916 3985 983 4048 erat
1012 3984 1046 4047 et
1071 3978 1259 4045 memoriam

123 4091 219 4167 patris
234 4087 427 4153 laudatione
443 4084 603 4149 celebrare
628 4088 660 4150 et
682 4087 816 4148 matrem
840 4085 1012 4164 consoleri3
1037 4084 1078 4148 ad
1093 4081 1258 4162 Basilium,

125 4191 240 4274 quippe
257 4193 317 4274 qni
333 4189 502 4271 superiore
525 4209 659 4256 munere
684 4188 901 4254 ecclesiastico
924 4191 1122 4272 fungeretur,
1143 4183 1259 4248 adhor-

124 4295 257 4360 tationes
282 4293 381 4377 quasi
403 4292 474 4375 lege
496 4295 708 4375 pertinebant.
