3228 5268
299 478 344 532 De
365 474 492 546 Gregorii
509 473 684 528 Nazianzeni
702 475 877 530 orationibus
896 467 1068 533 funebribus.
1216 475 1259 538 59

112 648 297 732 Gregorius
323 646 560 731 elegantissime
585 643 779 710 elaboratam
801 651 896 730 atque
920 647 1114 731 amplissime
1132 655 1260 716 aucum

112 751 237 831 edidit3
263 770 352 834 quae
377 749 528 814 orationis
550 749 699 812 recensio
723 750 764 813 ad
787 768 846 814 nos
868 752 1024 834 pervenit

209 854 304 919 Haec
320 853 405 916 mihi
419 849 651 936 praemittenda
669 858 767 934 erant,
789 853 977 936 priusquam
1000 854 1039 917 ad
1062 855 1165 938 ipsam
1188 876 1259 920 ora-

111 959 240 1023 tionem
264 955 497 1041 explicandam
519 955 695 1018 transirem.
726 955 795 1020 Iam
818 961 1004 1039 statuamus,

387 1137 414 1198 1.
439 1133 509 1211 Quo
533 1139 675 1218 tempore
700 1135 808 1199 habita
830 1137 872 1200 sit
895 1136 1004 1199 oratio.

207 1261 372 1325 Basilium
395 1258 549 1324 Kalendis
576 1259 735 1324 Ianuariis
762 1263 898 1327 mortem
925 1261 1030 1326 obisse
1057 1264 1143 1328 inter
1170 1265 1257 1329 viros

110 1366 231 1430 doctos
255 1366 433 1445 constat¹);
458 1364 640 1449 posthunc
662 1365 762 1448 igitur
785 1365 960 1430 terminum
983 1368 1083 1430 oratio
1108 1367 1256 1432 coniecta

110 1475 143 1533 et
168 1470 262 1533 diota
293 1470 351 1532 est
382 1467 506 1531 Eodem
535 1472 642 1533 autem
671 1470 823 1552 tempore,
852 1488 917 1550 quo
941 1468 1080 1533 Basilius
1107 1475 1256 1534 mortuus

111 1578 169 1655 est
208 1571 391 1654 Gregorius
421 1571 609 1653 aegrotavit,
640 1575 676 1634 ut
702 1571 811 1635 funeri
840 1572 995 1636 interesse
1027 1575 1255 1656 mortuumque

108 1677 306 1740 laudatione
329 1674 490 1738 celebrare
506 1675 670 1756 nequiret3
697 1674 783 1756 quod
799 1674 942 1740 efficitur
957 1694 999 1738 ex
1016 1677 1158 1740 oratione
1176 1678 1254 1760 ipsa,

110 1783 145 1843 in
171 1781 272 1844 cuius
304 1777 468 1861 prooemio
499 1782 604 1841 orator
633 1779 773 1862 exponit,
806 1778 923 1859 quibus
947 1780 1052 1842 causis
1077 1790 1254 1844 commotus

109 1885 222 1948 serius
255 1901 359 1963 quam
387 1880 533 1962 voluerit,
564 1882 740 1944 orationem
768 1881 886 1946 habeat
908 1902 956 1964 cp.
974 1883 1009 1945 2:
1039 1881 1087 1945 ‘ui
1109 1884 1169 1959 γὰρ
1194 1885 1254 1947 τοῦ

111 1989 265 2065 ςώματος
281 1985 360 2048 ἴςως
376 1984 453 2048 οὐδὲ
470 1989 620 2063 θαρρῆςαι
636 1986 695 2063 χρὴ
716 1985 814 2059 λέγειν
831 1984 922 2063 ἀνδρὶ
944 1985 1079 2067 γενναίῳ
1103 1987 1152 2049 καὶ
1175 1985 1254 2064 ὑπὲρ

110 2090 147 2152 τὸ
173 2093 270 2166 ςῶμα
295 2087 414 2151 ...τὰ
438 2090 493 2164 μὲν
517 2089 557 2164 δὴ
580 2091 636 2164 τῆς
659 2087 831 2163 ἀπολογίας
855 2087 992 2151 ἐνταῦθα
1014 2088 1144 2152 κείςθω’.
1176 2086 1255 2151 Gre-

109 2193 244 2275 gorium
260 2190 329 2253 illis
345 2188 545 2273 temporibus
563 2195 727 2272 aegrotum
750 2189 853 2254 fuisse
873 2189 969 2254 etiam
987 2189 1103 2253 melius
1122 2194 1254 2273 apparet

112 2315 154 2359 cx
178 2294 333 2379 epistula,
359 2312 456 2374 quam
479 2292 520 2356 ad
539 2292 770 2356 consolandum
785 2291 898 2355 Basilii
916 2291 1047 2355 fratrem
1063 2291 1253 2374 Gregorium

110 2399 201 2462 misit
232 2396 362 2480 (Migne
386 2397 474 2478 epist.
496 2396 565 2478 76):
597 2394 674 2458 ‘du’
701 2394 763 2470 ἐγὼ
795 2397 851 2472 μὲν
877 2396 959 2472 πλήν
986 2398 1052 2458 τῶν
1076 2393 1181 2458 ἀλλων
1205 2397 1255 2458 καὶ

110 2505 209 2565 τοῦτο
241 2500 413 2582 ἀφῄρημαι
440 2499 551 2562 διὰτὸ
575 2502 635 2562 νῦν
665 2499 709 2563 ἔτι
731 2503 882 2577 πονηρῶς
912 2499 994 2578 ἔχειν
1022 2502 1081 2562 τοῦ
1111 2499 1255 2576 ςώματος

110 2605 159 2667 καὶ
189 2604 264 2666 λίαν
299 2600 506 2665 ἐπικινδύνως
538 2601 574 2664 τὸ
606 2603 656 2664 καὶ
684 2601 924 2678 περιπτύξαςθαι
956 2604 1013 2678 τὴν
1044 2601 1134 2677 ἁράν
1167 2601 1254 2666 κόνιν

111 2707 159 2770 καί
175 2726 224 2770 ςοι
242 2706 396 2781 παρεῖναι
410 2703 449 2766 τὰ
469 2704 573 2768 εἰκότα
592 2706 821 2782 φιλοςοφοῦντι
844 2705 894 2768 καί
915 2706 990 2768 τοὺς
1013 2707 1139 2768 κοινοὺς
1163 2705 1254 2783 ἡμῶν

110 2811 225 2887 φίλους
262 2807 568 2885 παραμυθήςαςθαι’.
604 2805 669 2870 Sed
699 2806 793 2870 aliam
828 2826 958 2888 quoque
988 2827 1118 2871 causam
1148 2812 1254 2872 orator

111 2911 200 2975 addit
233 2929 304 2992 qua
336 2908 515 2992 prohibitus
545 2909 598 2990 sit,
629 2911 802 2991 quominus
832 2911 975 2974 oratione
1005 2910 1158 2976 Basilium
1188 2913 1251 2975 iam

110 3016 200 3097 prius
220 3014 363 3078 ornaret
380 3030 428 3094 cp.
445 3015 481 3075 2:
506 3012 623 3076 ’ἔπειτα
647 3013 705 3076 οὐκ
728 3012 920 3088 ἀγνοοῦντες
943 3015 1008 3094 μὲν,
1031 3015 1202 3092 ὑπομνήςω
1223 3014 1252 3077 b'

111 3118 169 3181 οὖν
190 3117 294 3198 ὅμως,
322 3113 370 3176 ὧν
391 3117 503 3191 μεταξὺ
522 3117 592 3192 περὶ
614 3116 671 3179 τὸν
695 3115 794 3194 ἀληθῆ
820 3116 917 3190 λόγον
937 3117 1131 3196 ἠςχολήμεθα
1150 3121 1252 3181 κινδυ-

110 3217 269 3284 νεύοντα.
308 3214 435 3279 Eodem
470 3217 557 3280 enim
592 3222 734 3299 tempore
769 3217 942 3301 Gregorius
979 3218 1252 3302 Constantinopoli

110 3322 316 3402 versabatur,
343 3337 408 3400 quo
432 3319 494 3382 iam
510 3324 583 3383 ante
596 3320 707 3384 Basilii
722 3325 857 3383 mortem
880 3321 1075 3385 Arianorum
1088 3321 1250 3385 doctrinae

111 3464 375 3531 περιφερόμενον·
397 3459 511 3514 πτῑςςε
530 3460 646 3515 πτίςςε
664 3463 725 3515 τὸν
741 3459 951 3528 Ἀναξάρχου
972 3463 1133 3530 θύλακον,
1156 3460 1252 3517 Ἀνά-

111 3553 238 3617 ξαρχον
266 3549 293 3602 δ’
318 3542 359 3598 οὐ
383 3545 551 3601 πτίςςεις.
567 3588 594 3601 ..
614 3548 659 3601 καὶ
678 3549 751 3602 ἐςτιν
769 3549 854 3614 ἡμῶν
874 3547 912 3601 εἰς
932 3546 1035 3600 αὐτόν·

279 3656 426 3726 Πτῐςςετε,
447 3660 620 3728 Νικοκρέων,
640 3661 681 3714 ἔτι
699 3660 744 3713 καὶ
765 3661 837 3725 μάλα
857 3661 978 3714 θύλακός
997 3660 1077 3730 ἐςτιν,

280 3744 404 3800 πτίςςετ’
420 3741 592 3813 Ἀνάξαρχος
612 3749 636 3801 δ’
651 3748 681 3801 ἐν
694 3748 765 3800 Διός
784 3748 840 3800 ἐςτι
858 3747 963 3801 rudior?

111 3859 284 3918 Plutarchus
307 3874 421 3928 quoquc
440 3860 564 3914 breviter
576 3859 651 3913 hanc
670 3858 863 3913 narrationem
876 3857 1037 3927 perstringit
1052 3857 1149 3911 moral.
1160 3857 1214 3910 449
1222 3859 1249 3926 F,

112 3960 200 4016 neque
219 3961 298 4001 vero
320 3946 421 3996 auctor
438 3944 565 4013 Gregorii
584 3943 683 3998 haberi
702 3947 802 4012 potest.

202 4035 222 4104 ¹)
242 4033 289 4087 De
304 4028 405 4083 Basilii
417 4031 476 4086 vita
490 4031 523 4085 cf.
537 4029 665 4083 Sccrat.
679 4029 711 4082 H.
719 4028 748 4082 E.
756 4028 782 4096 4,
793 4029 842 4095 26;
856 4029 1028 4084 Sozomen.
1036 4028 1061 4095 6,
1076 4027 1188 4094 15-17,
1202 4025 1249 4092 21;

113 4117 325 4174 Theodoret.
340 4114 422 4183 4,19‚
442 4117 492 4183 30;
512 4114 622 4169 Rufin.
636 4114 667 4167 H.
679 4113 708 4167 E.
719 4114 744 4181 2,
764 4114 795 4180 9;
814 4113 1005 4182 Hieronym.
1019 4112 1053 4166 de
1069 4112 1117 4166 vir.
1131 4110 1168 4164 ill.
1184 4109 1249 4175 116;

113 4201 187 4259 Phot.
206 4203 275 4259 cod.
299 4199 364 4266 137,
384 4199 443 4270 138,
464 4199 620 4266 141-144;
647 4198 697 4252 191
718 4228 751 4237 -
771 4197 877 4265 Hauck,
891 4195 1123 4264 Real·Encyclop.
1140 4194 1165 4248 3.
1180 4192 1249 4245 llufl.

114 4285 199 4360 (1897)
218 4289 246 4344 ss
263 4285 338 4350 4363
357 4284 557 4355 Bbhringer‚
583 4284 635 4339 Die
655 4283 711 4338 alte
729 4283 830 4338 Kirche
850 4286 874 4337 7.
892 4283 965 4337 Teil:
989 4281 1041 4336 das
1063 4282 1152 4334 vierte
1170 4276 1252 4331 Jahr-

113 4373 241 4442 huudert,
264 4369 317 4426 die
337 4366 398 4420 drei
416 4369 611 4438 Kappadozier
630 4369 654 4422 2.
669 4368 737 4422 Aufl.
758 4367 836 4435 1875,
856 4384 899 4437 pg.
915 4368 957 4421 59.
