3228 5268
316 451 362 505 De
384 448 511 519 Gregorii
528 448 703 504 Nazianzeni
720 448 898 504 orationibus
917 450 1088 506 funebribus.
1225 447 1270 510 45

122 623 269 704 admisit3
303 625 413 687 immo
444 640 478 685 se
507 620 653 685 consulto
685 639 739 684 eos
762 622 1015 704 praetermittere
1046 627 1155 706 aperte
1182 622 1269 689 dicit

6 755 7 766 2
120 725 278 810 Legimus
297 724 395 789 enim
412 725 448 786 in
463 727 589 788 nostrae
606 723 758 786 orationis
777 743 825 807 op
842 724 901 788 22:
926 724 1015 788 ‘Novi
1032 727 1070 788 δὲ
1088 724 1179 804 ἀφεὶ(
1194 729 1270 792 τοὺ(

122 831 266 908 θρήνου(
292 829 342 894 εἰ(
367 828 504 906 ἐμαυτὸν
527 829 645 908 βλέψω,
669 828 710 906 μή
734 849 761 892 τι
780 829 909 906 θρήνων
933 825 1020 894 ἄξιον
1043 827 1132 892 λάθω
1157 831 1269 908 φέρων

121 934 226 997 καὶτὰ
244 933 395 1010 ἐμαυτοῦ
411 930 659 1009 περιωέψομαι’;
683 931 827 1014 itemque
850 931 885 993 in
901 931 1044 995 oratione
1062 932 1097 994 in
1112 930 1269 996 Basilium

123 1057 169 1119 cp.
187 1038 232 1099 88
255 1038 378 1114 θρῆνοι
393 1033 488 1117 plane
503 1035 690 1118 reiciantur,
710 1036 776 1100 ‘tar
791 1035 852 1099 οὐκ
868 1036 931 1111 ἐγὼ
948 1038 1005 1113 μὲν
1024 1035 1110 1100 οὕτω
1130 1037 1269 1114 θρήνου(

121 1139 318 1217 ἀναμίγνυμι
335 1139 402 1200 τοῑ(
419 1137 573 1201 ἐπαίνοι(’.
606 1137 796 1221 Gregorium
815 1143 924 1202 autem
947 1138 981 1200 in
1006 1139 1175 1222 epitaphiis
1199 1139 1267 1202 suis

122 1240 161 1307 de
185 1241 359 1304 industria
379 1240 517 1317 θρήνου(
540 1241 685 1306 omisisse
706 1262 781 1306 oum
805 1261 847 1306 ex
870 1243 919 1304 his
938 1241 1025 1323 locis,
1050 1246 1118 1305 tum
1142 1261 1184 1304 ex
1207 1242 1269 1305 alia

122 1363 256 1427 quoque
269 1362 309 1408 re
323 1341 445 1425 optime
457 1343 657 1426 perspicitur.
680 1343 783 1409 Nemo
800 1347 885 1409 enim
903 1346 972 1427 erit,
988 1347 1045 1428 qui
1061 1346 1147 1410 dicat
1162 1350 1217 1409 aut
1229 1345 1267 1409 ab

121 1448 184 1512 hoc
203 1445 377 1530 epitaphio
398 1450 454 1507 aut
472 1445 510 1508 ab
528 1445 688 1530 epitaphio
705 1449 887 1530 inpetrem,
906 1447 962 1530 qui
978 1449 1070 1513 ambo
1087 1448 1269 1531 pertineant

120 1551 162 1616 ad
185 1551 344 1615 homines
370 1549 487 1612 oratori
510 1569 628 1633 genere
651 1552 825 1633 proximos,
849 1552 989 1630 θρήνου(
1010 1551 1130 1615 alienos
1150 1550 1266 1628 fuisse3

121 1658 220 1736 atque
238 1651 411 1735 profiteor,
427 1671 502 1716 oum
515 1654 659 1737 Gregorii
677 1655 854 1737 epitaphios
870 1673 946 1718 oum
957 1653 1116 1736 Aristidis,
1132 1652 1268 1734 libanii

121 1756 297 1820 Themistii
313 1773 560 1838 comparassem,
579 1775 646 1820 non
662 1755 777 1820 leviter
791 1757 827 1818 in
842 1773 880 1820 eo
900 1775 952 1820 me
972 1756 1156 1837 offendisse,
1181 1754 1268 1836 quod

123 1863 241 1938 θρῆνοι
266 1875 336 1920 non
361 1856 464 1920 solum
488 1856 612 1939 desunt,
637 1857 694 1922 sed
717 1858 815 1922 etiam
832 1858 1020 1940 reiciantur,
1045 1862 1267 1938 oratoremque

122 1962 233 2044 ipsum
252 1961 474 2022 inhumanum
491 1960 671 2042 rudemque
690 1959 894 2026 iudicavisse.
925 1960 1084 2025 Atracio
1108 1959 1266 2042 quispiam

124 2066 248 2130 dixerit
276 2063 483 2129 Nanimneno
516 2064 717 2147 aliquatenus
745 2065 988 2129 excusationem
1016 2063 1154 2126 dandam
1180 2079 1265 2126 esse:

123 2170 338 2252 nequeenim
351 2168 390 2249 ei,
403 2172 440 2230 ut
451 2167 570 2231 oratori
576 2166 767 2250 Christiano,
778 2169 837 2249 qui
849 2171 984 2230 mortem
996 2170 1033 2228 ut
1041 2165 1168 2229 luorum
1177 2183 1267 2247 prae·

124 2271 211 2337 dicet
226 2271 499 2353 auditoribusque
518 2268 770 2334 consolationem
782 2268 936 2352 praebere
944 2269 1066 2350 debeat,
1078 2268 1209 2332 licuisse
1218 2268 1267 2329 ni-

125 2377 227 2439 mium
235 2375 446 2457 dolorisprae
454 2393 489 2438 se
496 2374 592 2438 ferre.
609 2371 673 2436 Sed
681 2391 754 2436 oum
761 2371 903 2454 Nysseni
911 2373 1145 2438 consolationes
1153 2389 1267 2436 secun-

125 2475 1268 2560 dumMenandripraeoeptumOpdevplenaesint,mihipersuasumest

125 2579 374 2644 Nazianzenum
389 2579 424 2642 in
440 2580 609 2663 epitaphiis
631 2581 768 2659 θρήνου(
785 2600 822 2644 ea
838 2580 878 2645 de
894 2601 992 2646 causa
1009 2580 1155 2662 evitasse,
1179 2578 1266 2662 quod

125 2705 190 2748 non
201 2683 384 2750 Menandri
399 2683 458 2747 sed
473 2684 556 2747 alius
571 2689 742 2768 praecepta
757 2689 888 2750 secutus
902 2687 958 2747 est
977 2683 1060 2747 Nam
1077 2702 1136 2766 per
1151 2701 1186 2746 se
1197 2683 1267 2747 reri

126 2791 175 2852 est
189 2788 300 2852 simile
315 2785 419 2850 tuisse
435 2791 514 2850 tuno
531 2786 677 2852 diversae
694 2787 899 2852 aldenandro
913 2786 1100 2869 disciplinae
1116 2791 1266 2868 oratores,

128 2892 183 2974 qui
206 2892 354 2970 θρήνου(
382 2889 454 2952 illos
484 2889 520 2952 in
546 2889 820 2954 consolationibus
856 2889 1008 2972 usurpari
1037 2891 1198 2967 vetarent3
1235 2891 1268 2954 et

127 2997 277 3058 vetuerat
297 2992 363 3054 hoc
378 2992 444 3055 iarn
458 2989 780 3073 Pseudo-Dionysius
795 2989 1097 3073 (Usener-Raderm.
1120 3011 1170 3074 pg.
1187 2989 1220 3052 H
1238 2992 1265 3071 1,

127 3099 220 3180 tisri:
232 3101 281 3161 oei
294 3099 333 3159 δὲ
345 3095 459 3159 εἰδέναι
471 3097 589 3173 καὶτήν
602 3097 741 3173 ωέθοδον
754 3099 813 3160 τοῦ
825 3097 1083 3174 παραμυθητικοθ
1095 3093 1125 3174 (i.
1135 3093 1268 3174 apertis

129 3203 366 3268 consolatoriae
387 3198 538 3262 emtionis
557 3199 729 3283 funebris)·
746 3200 823 3264 οὐδὲ
841 3199 901 3277 γὰρ
919 3201 1045 3276 θρηνεῖν
1062 3196 1131 3262 οὐδ’
1148 3195 1266 3259 ἀπολο-

130 3306 288 3387 φὺρε(θαι
320 3305 396 3366 τοὺ(
426 3300 659 3383 ἀποθανόνταε,
684 3302 722 3366 οὐ
746 3303 806 3380 γὰρ
835 3299 874 3364 ἂν
902 3298 1165 3376 παραμυθοίμεθα
1192 3297 1267 3360 τοὺ(

130 3407 403 3484 θπολειπορένου(
417 3437 461 3448 -
478 3405 528 3466 καὶ
542 3400 583 3466 οὐ
600 3402 683 3470 δόξα
699 3399 775 3467 εἶναι
791 3407 859 3466 τῶν
878 3400 1115 3477 κατοιχομένων
1131 3399 1267 3478 ἔπαινοο,

131 3509 211 3572 ἀλλὰ
221 3505 423 3588 ὀλοφυρμὸς,
434 3505 524 3569 ὼετὰ
534 3504 700 3568 δεινότατα
712 3500 904 3583 παθόντων,
917 3518 1016 3582 quare
1028 3519 1069 3564 ne
1082 3500 1116 3564 in
1129 3519 1167 3563 ea
1174 3502 1266 3581 parte

132 3611 275 3694 quidem,
297 3625 363 3691 qua
380 3612 504 3691 partem
520 3605 715 3670 laudativam
735 3605 875 3688 exponit,
895 3603 1035 3682 θρήνου(
1052 3599 1267 3685 praescripsit.

221 3715 293 3778 Iam
313 3712 412 3775 hosat
435 3709 587 3779 orationis
611 3710 854 3794 dispositionem
877 3705 1018 3770 breviter
1040 3709 1201 3789 repetere:

163 3816 186 3881 Ι.
210 3815 420 3880 Prooemium
444 3831 492 3895 ορ.
510 3815 538 3876 1.

149 3919 189 3985 ΙΙ.
207 3921 366 3984 Ἐπαινο(
389 3935 438 4000 cp.
456 3917 574 3979 2-15.

264 4023 298 4104 1)
321 4021 416 4096 γένο(
438 4037 488 4101 ορ.
505 4019 601 4082 2-4.

253 4125 300 4210 [2)
325 4125 438 4187 κάλλο(
461 4141 509 4204 op.
527 4121 568 4206 5.]

266 4228 299 4309 3)
323 4226 447 4290 παιδεία
469 4243 520 4306 cp.
538 4225 633 4288 5—ia

264 4331 299 4411 4)
322 4328 450 4407 πράξει(
473 4330 506 4389 et
529 4325 635 4405 ἀρεταί
658 4346 706 4411 op.
724 4326 842 4390 7214.
