3240 5258
339 427 381 489 72
777 435 886 491 Xaver
905 437 1024 506 Htlrth,

339 606 434 686 tetur,
450 625 491 667 an
508 609 540 668 et
556 608 714 687 quatenus
730 607 888 672 orationes
909 609 979 672 eius
995 608 1161 672 redoleant
1177 608 1352 673 dictionem
1374 609 1468 673 libro-

338 727 411 770 rum
431 727 602 771 sacrorum.
626 708 884 773 Consentaneum
903 715 1010 774 autem
1031 715 1079 774 est
1098 709 1297 793 Gregorium,
1318 713 1376 794 qui
1395 713 1468 777 inde

338 830 357 873 a
380 829 480 892 puero
499 829 602 893 usque
622 810 661 873 ad
681 811 879 875 tricesimum
897 833 1018 876 annum
1036 812 1075 877 ab
1095 813 1222 896 optimis
1242 817 1274 877 et
1291 814 1468 878 illustrissi—

339 913 400 975 mis
416 912 503 976 illius
520 914 630 977 aetatis
646 914 827 978 rhetoribus
843 921 938 998 atque
950 917 1159 997 oratoribus¹)
1176 917 1254 981 etin
1267 917 1469 1001 Cappodocia

340 1020 372 1079 et
393 1017 429 1079 in
448 1016 629 1081 Palaestina
652 1020 684 1081 et
705 1018 740 1080 in
760 1018 894 1084 Graecia
913 1020 1058 1084 eruditus
1075 1020 1124 1102 sit,
1148 1040 1273 1084 summo
1291 1041 1388 1106 opere
1405 1028 1468 1086 stu·

339 1117 448 1182 dnisse
473 1118 663 1184 elocutionis
684 1121 809 1186 Atticae
828 1123 1019 1206 elegantiam
1034 1123 1153 1186 imitari
1172 1128 1204 1188 et
1223 1125 1321 1188 enixe
1340 1145 1468 1208 operam

339 1220 473 1305 dedisse,
498 1229 533 1286 ut
555 1224 638 1288 hanc
656 1224 790 1307 perlecti
811 1226 944 1289 oratoris
962 1224 1096 1308 gloriam
1114 1231 1301 1289 mereretur.
1325 1226 1364 1288 Id
1384 1227 1468 1308 quod

339 1323 483 1388 efficitur
506 1324 558 1389 vel
582 1345 625 1390 ex
649 1326 718 1390 eius
740 1326 915 1389 formarum
939 1345 1010 1408 usu,
1035 1327 1074 1393 de
1098 1348 1162 1412 quo
1186 1331 1250 1394 iam
1274 1335 1406 1415 agaml).

665 1507 703 1568 A.
728 1505 781 1570 De
804 1505 1009 1569 formarum
1034 1510 1143 1590 usn³).

609 1633 636 1693 1.
660 1629 708 1694 De
731 1633 889 1714 scriptura
912 1636 944 1695 et
966 1632 1198 1717 orthographia.

428 1754 492 1818 Res
516 1756 775 1840 orthographicas
798 1760 990 1822 mactaturus
1013 1759 1181 1842 praemitto
1208 1779 1274 1823 non
1297 1779 1356 1843 pro
1381 1765 1467 1824 certo

339 1856 403 1921 dici
427 1877 520 1941 posse
545 1879 655 1923 omnes
679 1880 761 1942 quae
784 1861 965 1941 sequuntur
987 1858 1141 1923 lectiones
1165 1861 1405 1944 scripturasque
1428 1862 1468 1924 ad

433 2038 451 2104 ¹)
468 2037 614 2092 Elementa
627 2036 792 2104 Caesareae,
812 2037 945 2105 incapite
960 2035 1163 2106 Cappadociae,
1177 2037 1281 2091 didicit.
1298 2036 1467 2092 Caesaream

338 2121 582 2176 Palaestinensem
595 2120 737 2191 profectus
751 2121 900 2190 Gregorius
918 2122 1034 2176 rhetore
1043 2122 1194 2191 Thespesio
1207 2122 1349 2191 magistro,
1363 2123 1467 2177 Euzoio

338 2205 384 2274 (cf.
404 2206 565 2275 Hieronym.
585 2206 620 2260 de
639 2206 689 2260 vir.
709 2207 808 2260 illustr.
829 2205 880 2261 118
900 2211 928 2261 et
941 2207 1191 2270 Cohn·Wendland
1209 2207 1240 2261 in
1259 2207 1383 2261 editione
1402 2224 1467 2277 ope·

338 2306 401 2344 rum
414 2289 541 2343 Philonis
560 2291 615 2344 vol.
635 2291 646 2343 l
664 2307 707 2359 pg.
727 2291 773 2360 ΙΠ)
792 2291 884 2346 amico
903 2308 971 2345 usus
990 2295 1047 2358 est;
1066 2292 1132 2346 inde
1145 2292 1347 2347 Alexandriam
1360 2292 1466 2362 petivit,

338 2379 397 2429 turn
416 2392 467 2444 per
490 2377 626 2445 plurimos
650 2392 741 2432 annos
759 2377 876 2431 Athenis
900 2379 1030 2431 versatus
1055 2380 1105 2445 est,
1128 2377 1176 2430 ubi
1195 2377 1352 2432 Proaeresii
1376 2381 1404 2432 et
1422 2378 1467 2431 Hi·

337 2459 427 2528 merii,
443 2461 690 2515 celeberrimorum
704 2463 855 2530 oratorum,
869 2462 982 2516 scholas
996 2467 1124 2516 secutum
1138 2479 1201 2516 eum
1215 2479 1277 2516 esse
1297 2463 1429 2519 Socrates
1441 2464 1466 2530 4,

338 2545 374 2598 26
387 2545 480 2599 tradit.
501 2545 597 2613 Neque
616 2562 684 2599 vero
703 2546 875 2600 credendum
894 2550 945 2615 est,
965 2547 1039 2616 quod
1057 2546 1132 2600 idem
1151 2547 1271 2616 scriptor
1290 2549 1357 2603 dicit
1370 2551 1396 2616 4,
1416 2549 1463 2602 26:

339 2630 385 2683 καὶ
406 2632 475 2696 μετὰ
500 2635 589 2684 ταῦτα
614 2633 643 2684 ἐν
662 2637 697 2700 τῆ,
715 2628 869 2700 Ἀντιοχείᾳ
886 2634 937 2696 τῆ(
957 2630 1061 2697 Συρία(
1080 2630 1202 2700 Λιβανίῳ
1223 2634 1466 2700 (υμφοιτήεαντεε

337 2715 502 2784 (Gregorius
522 2720 550 2770 et
562 2716 694 2785 Basilius)
714 2716 808 2781 ἀκρῶ(
826 2715 880 2780 τὴν
900 2715 1056 2781 ῥητορικὴν
1070 2707 1249 2780 ἐξεπόνηεαν.
1269 2715 1465 2770 Nazianzenus

339 2800 416 2854 enim
435 2800 465 2853 in
484 2801 609 2855 carmine
629 2801 741 2856 devita
761 2816 813 2853 sua
831 2816 858 2853 v.
877 2799 930 2853 236
949 2815 1026 2868 seqq.
1047 2797 1160 2866 exponit
1179 2814 1211 2852 se
1223 2799 1341 2853 Athenis
1361 2800 1465 2854 relictis

338 2885 455 2939 domum
467 2885 616 2939 revertisse
634 2885 680 2954 (cl.
694 2885 778 2939 etiam
791 2883 884 2937 Rufini
903 2884 966 2937 hist.
986 2884 1085 2937 eccles.
1101 2883 1152 2952 11),
1171 2900 1262 2953 neque
1281 2883 1312 2936 in
1325 2885 1465 2954 epitaphio

338 2969 370 3024 in
388 2969 523 3024 Basilium
543 2974 745 3025 commemorat
764 2985 794 3022 se
814 2985 878 3022 cum
897 2969 945 3022 illo
963 2968 1074 3023 Libanii
1093 2968 1261 3036 discipulum
1280 2968 1376 3026 luisse.

431 3054 451 3123 ³)
470 3055 636 3125 Priusquam
655 3054 692 3109 ad
704 3070 764 3107 rem
776 3053 920 3121 accedam,
938 3069 1057 3108 necesse
1077 3056 1120 3107 est
1138 3069 1182 3107 me
1202 3069 1251 3108 eos
1270 3054 1357 3108 libros
1372 3054 1465 3122 citare,

340 3140 387 3208 qui
400 3140 437 3194 ad
450 3140 644 3209 quaestionem
663 3137 865 3193 instituendam
882 3138 950 3191 mihi
969 3137 1110 3192 maximae
1129 3137 1242 3192 utilitati
1255 3138 1377 3193 fuerunt.
1397 3139 1465 3194 Sunt

340 3228 446 3280 autern:
471 3225 511 3279 W.
531 3223 680 3290 Schmid,
704 3223 758 3292 Der
776 3224 939 3278 Atticismus
962 3223 993 3277 in
1016 3223 1115 3278 seinen
1136 3224 1388 3292 Hauptvertretern
1410 3241 1465 3280 von

340 3311 446 3380 Dionys
472 3326 529 3364 von
556 3309 737 3364 Halicarnass
766 3309 809 3362 bis
838 3309 888 3363 auf
914 3309 970 3363 den
997 3309 1116 3364 zweiten
1143 3309 1331 3363 Philostratus
1357 3311 1374 3364 5
1400 3311 1463 3365 voll.

341 3395 527 3463 1887-1897,
547 3395 622 3465 quod
641 3410 711 3463 opus
730 3394 824 3448 littera
842 3395 860 3448 S
880 3393 1051 3462 significabo.
1071 3423 1105 3434 -
1125 3393 1209 3448 Guil.
1229 3393 1386 3460 Crdnert,
1410 3395 1465 3448 Me-

340 3481 431 3535 moria
445 3480 553 3535 Graeca
562 3480 781 3535 Herculanensis
792 3480 873 3534 1903..
882 3511 916 3518 -
926 3481 966 3534 W.
981 3481 1084 3548 Fritz,
1104 3479 1155 3533 Die
1165 3479 1257 3532 Briefe
1274 3480 1324 3534 des
1338 3480 1464 3535 Bischofs

341 3565 475 3634 Syncsius
500 3582 557 3619 von
576 3565 686 3635 Kyrene
707 3564 785 3633 1898,
810 3565 890 3619 cuius
916 3565 1017 3619 librum
1041 3568 1110 3618 nota
1133 3565 1168 3618 Fr
1188 3564 1360 3632 significabo.
1381 3596 1415 3604 -
1433 3566 1463 3618 H.

342 3650 491 3716 Jiittner,
517 3649 557 3703 De
581 3648 742 3703 Polemonis
765 3649 885 3703 rhetoris
910 3649 969 3702 vita
993 3649 1124 3717 operibus
1144 3653 1204 3704 arte
1227 3649 1388 3719 (Breslauer
1406 3650 1463 3720 phi-

342 3733 423 3801 lolog.
437 3733 661 3802 Ahhandlungen
679 3735 736 3788 Vlll
756 3734 789 3804 1),
810 3734 887 3789 1898.
907 3763 941 3772 -
961 3735 989 3787 F.
1005 3733 1158 3802 Cumont‚
1176 3733 1302 3788 Philonis
1322 3736 1357 3790 de
1376 3741 1463 3791 aeter-

341 3817 429 3872 nitate
455 3819 552 3872 mundi
579 3819 656 3873 1891.
681 3849 715 3856 -
739 3820 769 3872 L.
793 3819 898 3887 Cohn,
927 3817 1053 3871 Philonis
1078 3818 1263 3873 Alexandrini
1291 3819 1404 3874 libellus
1430 3819 1462 3873 de

342 3903 453 3971 opificio
478 3903 575 3956 mundi
601 3903 760 3972 (Breslauer
786 3903 881 3973 philol.
907 3903 1132 3970 Abhandlungen
1157 3904 1191 3958 lV
1215 3904 1252 3972 4),
1280 3903 1359 3959 1889.
1379 3935 1412 3946 —-
1434 3903 1462 3956 Ρ,

341 3987 537 4054 Wendland,
557 3988 651 4042 Philos
669 3987 771 4042 Schrift
789 3988 859 4042 iiber
878 3987 923 4040 die
940 3987 1105 4056 Vorsehung
1125 3989 1202 4042 1892.
1222 4019 1257 4028 -
1275 3989 1323 4042 Th.
1338 3987 1462 4058 Nageli,

341 4074 397 4127 Der
414 4075 590 4129 Wortschatz
609 4074 658 4128 des
677 4074 807 4142 Apostcls
825 4074 929 4127 Paulus
949 4073 1027 4128 1905.

432 4159 454 4229 ⁸)
473 4159 579 4213 Littera
603 4159 624 4214 C
645 4159 784 4228 significat
810 4158 967 4212 orationem
993 4158 1023 4210 in
1049 4157 1222 4228 Caesarium,
1248 4159 1342 4214 littera
1362 4161 1384 4215 G
1403 4174 1461 4213 ora-

339 4243 445 4297 tionem
465 4243 496 4296 in
509 4243 672 4311 Gregorium
691 4248 807 4312 patrem,
826 4245 953 4300 litteraB
971 4245 1127 4300 orationem
1145 4247 1175 4300 in
1188 4247 1337 4315 Basilium;
1357 4244 1462 4302 numeri

340 4330 444 4384 adiecti
463 4329 590 4384 indicant
610 4331 701 4398 capita
721 4331 894 4400 singularum
913 4331 1073 4386 orationum
1092 4332 1222 4386 editionis
1241 4333 1422 4401 Migneianae.
