3240 5252
110 483 201 568 [255]
570 488 667 542 Studia
687 487 823 543 Tulliana.
1212 487 1254 547 95

110 663 248 726 seclusit
273 667 308 724 et
334 680 411 722 eum
436 679 472 722 eo
497 661 656 724 consentit
674 660 875 743 Stanglins¹),
900 681 1094 744 quamquem
1111 662 1255 728 Heerdo

110 768 278 850 geniun12)
290 771 426 828 secutus
439 782 507 826 earn
520 765 552 826 in
566 764 706 828 editione
719 784 776 827 sua
788 766 973 829 retinuerat.
1000 765 1120 830 Verum
1127 771 1256 848 praeter

111 869 325 953 negationem
339 867 502 931 Friderico
518 874 648 931 auctore
666 869 763 931 etiem
779 870 859 932 enim
878 868 1148 951 exstinguendum
1165 873 1253 952 est³),

112 994 186 1037 curn
211 970 439 1055 parenthesis:
464 974 632 1055 meipsum
652 973 788 1055 puertiiel
811 978 927 1056 quanto
950 975 1012 1036 sint
1036 990 1165 1034 causant
1188 994 1254 1037 non

112 1077 236 1140 alferat.
279 1075 337 1138 Sic
369 1073 472 1136 codex
494 1074 524 1136 A
548 1073 655 1136 locum
684 1072 778 1155 plane
810 1093 922 1136 sanum
954 1073 1092 1154 tradidit,
1123 1073 1150 1136 L
1179 1095 1254 1139 euni

112 1179 262 1243 consulto
277 1175 432 1256 corrupit,
446 1180 481 1239 nt
493 1176 537 1268 illi¹
554 1178 607 1240 sed
622 1176 707 1258 quod
720 1177 868 1257 sequitur
880 1178 1072 1240 contrarium
1093 1178 1253 1243 evaderet.

203 1386 222 1469 ξ
245 1387 323 1447 165.
357 1383 514 1464 Loquitur
531 1382 653 1446 Tullius
677 1383 752 1444 inde
777 1404 796 1445 a
820 1386 839 1462 ξ
867 1383 929 1444 149
954 1382 994 1446 de
1018 1382 1182 1446 vocabulis
1206 1385 1253 1448 sic

115 1488 329 1565 collocandis
362 1493 395 1549 ni
420 1485 524 1568 forme
554 1488 622 1570 ipso
652 1488 898 1570 concinnitasque
927 1486 1086 1550 verberam
1115 1486 1254 1568 conficiet

115 1593 212 1656 orbern
238 1611 342 1654 snum.
380 1588 478 1650 Cuius
502 1588 671 1652 verborum
702 1589 926 1651 concinnitatis
951 1590 984 1651 in
1011 1592 1029 1668 ,ξ
1057 1590 1117 1652 165
1144 1609 1253 1654 exeni-

116 1696 203 1777 plum
230 1693 330 1756 affert
354 1711 371 1755 e
398 1691 570 1755 Miloniana
594 1710 652 1754 sua
677 1693 818 1756 oratione
848 1711 885 1754 ac
908 1693 1027 1774 pergit:
1061 1691 1147 1756 Haec
1170 1697 1252 1759 enim

116 1799 192 1862 tolie
215 1804 300 1878 soni,
332 1803 374 1875 ni,
403 1798 477 1880 quio
501 1794 685 1877 referuntur
707 1816 742 1858 ee
770 1815 847 1879 quoe
871 1793 927 1878 [ita
949 1796 980 1857 A
1003 1796 1046 1859 ed
1068 1817 1104 1859 ee
1127 1816 1203 1879 quae
1227 1797 1254 1860 L

115 1903 157 1966 ud
179 1923 215 1965 ee
232 1901 277 1964 eoi
293 1920 372 1984 qnae
384 1897 484 1980 Eine]
501 1899 606 1963 dolrem
622 1897 746 1980 referri,
770 1900 980 1985 intelleqnmne
999 1920 1062 1963 non
1082 1903 1251 1984 quaesitum

114 2026 173 2068 esse
197 2023 377 2080 numerem,
400 2001 453 2064 seri
475 2007 618 2064 neretum.

204 2105 309 2168 Hisce
334 2103 442 2166 verbis
467 2123 529 2165 non
555 2103 647 2167 modo
671 2125 751 2186 opus
775 2124 840 2166 non
864 2111 912 2167 est
939 2104 1170 2184 emendatione,
1194 2105 1251 2167 sed

115 2211 212 2274 etiam
233 2207 330 2271 valde
347 2206 439 2269 obest
456 2208 558 2270 omnis
583 2214 771 2270 correctura.
796 2207 1042 2288 integerrimum
1061 2207 1147 2269 enini
1165 2206 1251 2270 hunc

113 2314 220 2375 locuni
247 2313 282 2372 in
309 2311 338 2372 Α
364 2309 427 2389 legi
451 2309 556 2372 statim
581 2309 673 2373 nobis
701 2309 955 2392 persuadebitur.
991 2308 1072 2371 Nan]
1097 2309 1174 2389 quid
1200 2309 1252 2372 hic

113 2417 173 2478 sibi
198 2414 282 2478 velit
298 2412 460 2475 referendi
478 2412 610 2475 verbum
628 2419 660 2476 et
676 2433 739 2494 qno
758 2432 817 2474 usu
835 2411 1030 2492 adhibeatur,
1048 2413 1253 2494 cognoscitur

114 2539 155 2583 ex
180 2519 354 2602 proximae
379 2515 521 2578 Oratoris
545 2516 733 2599 paragraphi
758 2516 845 2578 hisce
869 2515 993 2579 verbis:
1018 2516 1100 2601 qued
1121 2516 1158 2598 fit
1180 2519 1251 2580 iiern

112 2626 147 2686 in
177 2619 358 2703 referendis
389 2621 569 2687 contrariisz
601 2624 632 2682 ct
662 2619 758 2701 paulo
788 2624 874 2701 post:
907 2640 1027 2684 nereum
1056 2618 1152 2701 efficii
1182 2623 1252 2704 ipen-

113 2725 222 2790 reioiio
256 2724 505 2800 contrariorum
541 2727 572 2785 et
604 2724 727 2784 stetini:
760 2743 878 2806 semper
907 2722 992 2802 hoec,
1026 2743 1104 2807 qnae
1141 2724 1253 2786 Graeci

113 2829 259 2891 ἀντίθετα
277 2826 449 2904 nominent,
474 2846 542 2888 cern
565 2828 731 2889 contrariis
746 2832 944 2908 opponantur
958 2828 1126 2904 contrarie,
1146 2846 1250 2889 neme-

112 2952 182 2994 rnrn
207 2929 386 2994 oratorium
419 2930 587 2992 riecessiteie
619 2930 684 3012 ipso
707 2926 847 3010 efficient
877 2930 968 2992 eiiam
991 2930 1057 2990 sine
1084 2927 1251 2991 industrie.

112 3035 165 3096 An
197 3053 215 3096 c
248 3031 360 3093 verbis
390 3032 423 3092 in
455 3029 627 3112 referendis
656 3033 822 3095 contrariis
853 3035 884 3092 et
915 3049 955 3093 ex
988 3030 1034 3092 eis
1065 3047 1147 3109 quae
1176 3036 1252 3092 sunt

111 3139 222 3202 relatio
237 3136 472 3200 contrariorum
489 3138 520 3196 et
536 3153 554 3196 e
567 3133 776 3215 sequentibus
790 3156 859 3197 enm
872 3136 1037 3197 contrariis
1053 3139 1252 3217 opponentur

111 3243 276 3306 contrarie
300 3256 367 3299 non
393 3238 468 3298 setis
492 3241 578 3319 patet
602 3237 653 3299 hic
677 3237 762 3300 idem
785 3238 854 3300 fere
878 3237 1063 3320 significare
1088 3237 1250 3300 referendi

111 3345 250 3408 verbum
278 3338 365 3420 quod
400 3340 588 3421 opponendo
612 3341 750 3404 iterare?
787 3339 877 3416 Quae
902 3339 1007 3422 opinio
1040 3340 1252 3403 confirmatur

112 3447 228 3512 collato
255 3444 297 3507 ad
315 3442 392 3505 Her.
409 3443 428 3506 l.
445 3443 501 3523 IV,
527 3445 584 3505 58:
613 3442 800 3522 Cannaene
823 3451 873 3523 eat,
892 3463 952 3527 per
975 3463 1068 3526 qnam
1091 3446 1250 3506 contrarie

111 3553 311 3636 referantur.
346 3545 397 3608 Εα
420 3553 462 3610 eat
485 3549 519 3610 in
543 3547 701 3610 verborum
725 3547 973 3611 enorneiionibns
1074 3548 1109 3609 in
1133 3551 1251 3609 senien-

206 3706 226 3772 ¹)
247 3703 288 3755 Bl.
304 3702 322 3753 s.
337 3702 362 3753 b.
377 3701 406 3753 G.
422 3703 464 3767 23,
484 3703 526 3754 93.

205 3791 225 3858 ²)
246 3789 319 3842 Mus,
341 3787 429 3841 Rhen.
442 3788 485 3855 38,
506 3788 566 3841 246.

204 3876 227 3943 3)
248 3872 410 3926 Assentitur
435 3872 615 3938 Stroebelius‚
641 3873 718 3924 Burs
738 3888 804 3926 ann.
822 3872 865 3936 84,
889 3871 949 3924 353.
980 3870 1084 3923 Contra
1108 3870 1249 3936 Stanglius

112 3962 129 4013 l.
143 3963 160 4014 l.
175 3959 349 4029 particulam
371 3958 442 4007 enim
461 3957 612 4024 genuinam
631 3956 745 4010 iudicat.

204 4045 227 4115 ⁴)
249 4043 394 4096 Contentie
408 4043 451 4094 vel
466 4045 681 4109 contrapositum
694 4058 779 4094 voces
793 4041 867 4094 idern
882 4040 1040 4108 significant
1055 4038 1129 4108 quod
1143 4037 1250 4094 Graece

112 4133 255 4195 ἀντίθετα.
284 4128 314 4181 ld
329 4127 456 4195 sequitur
469 4144 484 4181 e
498 4126 612 4194 Quintil.
623 4129 689 4181 lnst.
704 4132 807 4180 orator.
827 4129 845 4180 l.
859 4127 902 4194 lX,
916 4127 940 4192 3,
955 4126 1004 4179 81:
1026 4125 1251 4190 Contreposiium

112 4225 203 4268 autem
222 4215 274 4280 eei,
302 4219 331 4264 ut
350 4213 462 4279 qnidam
481 4220 583 4278 occant,
604 4214 737 4264 contentio
756 4211 917 4280 (ἀντίθετον
936 4210 1050 4277 dicitur)
1071 4226 1125 4261 non
1145 4225 1200 4261 nno
1219 4212 1250 4276 fit

111 4303 199 4354 modo.
230 4300 307 4351 Nam
333 4303 357 4348 et
376 4300 402 4348 si
424 4298 537 4364 cinquie
562 4298 683 4364 cinqulie
706 4303 884 4363 opponuntur
972 4303 997 4347 et
1019 4297 1085 4347 binc
1108 4295 1181 4345 binis

112 4394 136 4438 et
154 4387 310 4439 sententiae
329 4384 472 4434 sententiis
491 4399 514 4435 c.
529 4399 553 4450 q.
569 4399 589 4435 s¹
