3240 5258
694 509 697 518 ·
813 496 923 550 Xaver
941 495 1058 563 Hiirth,

773 703 805 785 b)
828 703 1095 765 Athanasium:

463 829 493 892 ÷
510 821 603 898 μονή
621 851 653 869 =
671 820 877 897 povumhptov
901 817 927 879 Β
945 820 962 879 l
967 818 1002 895 23
1027 817 1179 880 Athenas
1199 821 1232 880 et
1254 820 1462 900 posteriores.

798 957 826 1035 o)
849 955 1074 1018 Eusebium:

462 1084 493 1146 ψ
510 1073 637 1151 ἐξορία
661 1073 821 1136 exilium
844 1071 939 1153 Bra,
965 1073 1016 1152 ol,
1042 1073 1092 1136 68.

854 1221 1015 1228 ———.

634 1298 661 1359 6.
686 1295 850 1360 Vocabula
873 1315 890 1359 e
915 1295 1078 1379 Scriptura
1101 1300 1235 1379 sumpta.

461 1448 529 1512 Iam
559 1448 701 1532 quaestio
729 1467 788 1510 nos
815 1452 908 1509 vocat
933 1451 1094 1528 —atque
1123 1467 1160 1510 ea
1190 1450 1327 1512 maximi
1351 1452 1504 1516 momenti
1598 1439 1599 1520 J

374 1557 422 1622 est
449 1553 488 1616 ad
517 1551 769 1634 cognoscendam
799 1555 830 1612 et
858 1549 1064 1613 iudicandam
1094 1551 1257 1633 scriptoris
1292 1554 1505 1620 ecclesiastici
1598 1539 1599 1584 ³

373 1655 678 1735 dictionem—quas
687 1672 782 1716 voces
792 1672 911 1734 quasve
921 1653 1078 1716 dictiones
1088 1652 1260 1735 Gregorius
1270 1655 1390 1719 debeat
1398 1676 1504 1721 sacrae

373 1760 562 1843 Scripturae.
603 1757 705 1834 Quam
734 1757 976 1820 Nazianzenum
1006 1757 1248 1840 diligentissime
1287 1757 1443 1823 didicisse
1474 1765 1505 1823 et
1598 1771 1599 1816 i

373 1862 611 1926 accuratissime
631 1861 759 1923 novisse
779 1879 861 1940 eum,
881 1861 936 1940 qui
957 1861 1027 1922 eius
1047 1860 1205 1922 orationes
1222 1859 1307 1942 legit⁷
1329 1880 1396 1924 non
1413 1863 1504 1945 fugit.

373 1963 465 2039 Quod
489 1963 585 2025 tradit
608 1961 702 2026 etiam
725 1961 966 2043 Philostorgius
996 1981 1070 2024 oum
1099 1961 1177 2025 dicit
1204 1982 1398 2045 comparans
1421 1967 1505 2030 inter
1598 1967 1599 1976 ’

372 2087 406 2130 se
423 2067 665 2152 Apollinarium,
681 2065 845 2145 Basilium
864 2063 1149 2143 Nazianzenumu:
1168 2065 1239 2141 ‘The
1254 2087 1288 2129 τε
1303 2067 1368 2145 γὰρ
1385 2068 1505 2134 ἔξωθεν
1598 2111 1599 2140 t

371 2171 564 2248 καλουμένη(
591 2168 779 2232 mordentem<
807 2166 856 2229 ἐπὶ
879 2169 1019 2229 πλεῖςτον
1048 2164 1135 2230 οὗτοι
1162 2170 1432 2245 προεληλύθειεαν
1455 2173 1505 2234 καὶ
1598 2147 1599 2160 ¹

371 2278 445 2340 τῶν
469 2273 581 2352 ἱερῶν
604 2275 770 2350 γραφῶν,
795 2269 898 2334 duom
922 2271 964 2332 etc
984 2269 1159 2344 ἀνάγνωειν
1179 2273 1227 2333 καὶ
1246 2273 1304 2348 τήν
1324 2274 1503 2351 πρόχειρον

372 2377 495 2456 μνήμην
523 2375 624 2453 ἐτέλει,
652 2375 796 2450 πολλὴν
826 2367 928 2450 εἶχον
957 2373 1023 2448 τήν
1048 2373 1241 2450 ἐμπειρίαν
1266 2378 1325 2439 καὶ
1350 2377 1503 2454 μάλιετά

371 2499 411 2553 γε
435 2477 559 2540 αὐτῶν
585 2474 803 2555 Γρηγόριοε’.

461 2579 524 2644 Sed
542 2579 728 2662 priusquam
747 2576 873 2660 singula
888 2576 1044 2640 vocabula
1060 2597 1295 2662 enumeremus
1316 2585 1501 2663 statuamus
1598 2639 1599 2652 ,

372 2683 499 2768 qualem
517 2682 569 2746 vel
588 2681 697 2764 quales
714 2681 841 2744 Veteris
857 2679 1051 2744 Testamenti
1067 2682 1230 2746 versiones
1247 2688 1354 2748 orator
1370 2687 1501 2750 secutus
1598 2681 1599 2712 l

310 2831 315 2840 .
372 2787 420 2849 sit.
456 2784 576 2848 Notum
605 2785 690 2847 enim
720 2788 768 2846 est
794 2788 922 2866 praeter
948 2785 1148 2845 notissimam
1174 2784 1262 2859 illam
1285 2785 1382 2850 LXX
1405 2787 1502 2852 inter·
1598 2799 1599 2824 ¹

370 2893 497 2976 prelum
520 2887 700 2952 versionem
724 2885 920 2968 temporibus
944 2886 1090 2970 Gregorii
1105 2886 1269 2952 versiones
1286 2907 1416 2971 quoque
1432 2890 1502 2954 illas

372 2991 411 3054 'ab
435 2990 561 3072 Aquila,
590 2988 790 3070 Synmracho,
818 2987 1035 3052 Theodotione
1063 2989 1224 3054 confectas
1247 2992 1282 3052 in
1306 3011 1369 3054 usu
1393 2993 1500 3056 fuisse.
1598 3035 1599 3052 i

374 3093 476 3170 Quam
499 3093 533 3154 in
555 3111 625 3154 rem
648 3091 697 3153 vir
713 3089 915 3152 doctissimus
932 3091 1090 3156 Weissius
1105 3094 1169 3158 iam
1185 3095 1392 3175 investigavit
1408 3101 1501 3178 atque

373 3198 456 3266 hano
471 3195 691 3280 pronuntiavit
706 3193 912 3258 sententiam:
930 3193 1064 3276 ‘Gregor
1080 3215 1143 3258 von
1155 3195 1293 3258 Naziana
1310 3196 1393 3279 folgt
1408 3203 1502 3261 unter
1598 3207 1599 3224 l

374 3301 436 3368 den
452 3298 696 3382 Kappadooiern
719 3317 769 3360 am
794 3296 1079 3364 riickhaltlosesten
1104 3298 1176 3361 dem
1191 3298 1272 3364 Text
1295 3299 1354 3363 der
1370 3301 1501 3384 Septua-
1598 3295 1599 3372 J

373 3405 477 3490 ginta3
502 3402 596 3484 deun,
621 3420 685 3464 was
703 3400 778 3466 sehr
795 3399 984 3482 gravierend
1003 3401 1054 3483 ist,
1078 3401 1230 3484 nirgends
1248 3401 1363 3466 finden
1387 3405 1446 3468 wir
1466 3405 1501 3466 in
1598 3377 1599 3412 ³

374 3508 487 3574 seinen
505 3506 664 3571 Schriften
690 3507 761 3570 eine
786 3504 842 3568 der
861 3503 930 3568 drei
949 3503 1135 3568 erwohnten
1154 3505 1380 3587 griechischen
1401 3495 1500 3570 Uber-

375 3616 550 3693 setzungen
566 3609 703 3691 (Aquila,
720 3607 940 3688 Symmachus
957 3604 1164 3688 Theodotion)
1187 3626 1246 3668 zur
1261 3607 1501 3692 Vergleiohung
1598 3599 1599 3606 ἵ

375 3715 623 3796 herangeaogen,
654 3711 719 3776 und
747 3710 787 3774 da
817 3728 851 3772 er
875 3707 1048 3774 aussordem
1072 3709 1146 3771 sehr
1169 3709 1232 3772 viel
1255 3709 1397 3775 seltener
1419 3711 1498 3774 noch

375 3817 421 3880 als
444 3817 544 3880 selbst
562 3816 683 3900 Gregor
705 3836 768 3882 von
787 3814 893 3896 Nyssa
917 3813 972 3876 des
991 3812 1201 3876 hebraischen
1220 3812 1335 3877 Textes
1355 3813 1499 3895 gedeum,

376 3939 409 3982 so
435 3919 539 3982 haben
557 3921 616 3981 vvir
631 3920 664 3981 in
681 3919 747 3980 ihm
764 3919 870 3982 sicher
886 3919 981 3981 einen
998 3916 1054 3980 der
1069 3915 1323 3998 hingebendsten
1341 3917 1501 3980 Verehrer

375 4022 467 4102 jener
488 4009 710 4103 Ubersetzung
739 4041 797 4084 vor
826 4040 897 4101 uns,
927 4039 1023 4084 wenn
1051 4020 1110 4084 wir
1136 4019 1203 4084 ihm
1231 4019 1314 4084 auch
1346 4019 1399 4083 bei
1430 4019 1499 4082 dem

376 4122 504 4205 Mangel
533 4124 620 4186 eines
651 4124 759 4186 hlaren
783 4122 989 4206 Ausspruchs
1018 4121 1169 4184 hieriiber
1197 4121 1258 4184 den
1284 4121 1413 4203 damals
1441 4121 1500 4182 wie

378 4227 539 4306 eruissen,
563 4225 711 4288 aiemlioh
730 4226 940 4308 allgemeinen
961 4223 1106 4288 Glauben
1130 4224 1290 4288 anderen
1310 4224 1499 4308 Inspiration

471 4401 489 4469 ¹)
508 4401 593 4455 Suid.
615 4419 636 4456 s.
649 4420 675 4455 v.
691 4402 852 4467 Γρηγόριοε.
