3228 5268
306 421 347 475 De
368 418 493 488 Gregorii
511 419 685 475 Nazianzeni
704 419 878 476 orationibus
897 420 1069 476 funebribus
1217 415 1260 479 25

217 595 320 658 Theo:
340 593 478 666 εὐγένεια
497 592 644 674 (πόλεως,
663 591 784 674 ἔθνους,
797 593 961 674 πολιτείας,
976 593 1111 675 γονέων,
1125 593 1261 677 οἰκείων)

126 700 289 780 παιδεία,
315 700 411 780 φιλία,
436 698 521 780 δόξα,
546 697 638 778 ἀρχή,
661 700 816 778 πλοῦτος,
841 696 1024 779 εὐτεκνία,
1049 697 1261 763 εὐθαναςία.

218 801 317 866 Stoici
340 801 441 884 igitur
463 801 607 865 rhetores
630 799 723 882 plura
741 799 825 862 bona
846 799 1001 863 exhibent
1024 820 1120 883 quam
1137 801 1261 864 Anaxi·

126 924 252 969 menes:
269 907 412 989 primum
429 905 580 985 παιδείαν,
596 919 692 984 quern
706 902 807 966 τόπον
819 901 977 965 Isocrates
993 906 1026 966 et
1040 903 1261 968 Anaximenes

125 1028 192 1071 non
216 1007 383 1091 praebent,
408 1012 478 1070 turn
504 1007 605 1085 ἀρχὴν
633 1009 666 1068 et
694 1003 792 1069 δόξαν
820 1005 1019 1087 (potestatem
1047 1008 1080 1069 et
1106 1005 1260 1090 gloriam),

126 1131 206 1193 ques
221 1113 285 1174 iam
303 1109 497 1174 Aristoteles
513 1107 648 1172 exhibet
667 1108 757 1190 (rhet.
776 1107 846 1188 15).
875 1107 960 1171 Τδοο
982 1108 1069 1171 solus
1091 1107 1155 1172 duo
1177 1129 1263 1173 nova

125 1213 211 1277 bona
223 1214 319 1278 effert
331 1214 491 1278 εὐτεκνίαν
503 1215 535 1276 et
546 1209 742 1274 εὐθαναςίαν.
761 1209 926 1275 Εὐτεκνίαν
939 1214 1047 1274 autern
1057 1213 1262 1276 coniunctam

126 1337 201 1381 cum
225 1317 419 1399 πολυτεκνίᾳ
441 1315 625 1378 invenimus
648 1313 712 1375 iam
735 1312 821 1395 apud
842 1313 1019 1378 Isocratem
1040 1315 1150 1398 (Euag.
1171 1317 1190 1398 ξ
1209 1317 1261 1398 72)

126 1426 158 1484 et
180 1420 360 1484 Aristolem
388 1419 479 1500 (rhet.
506 1418 523 1480 I
545 1421 592 1500 5);
617 1418 675 1482 sed
698 1418 822 1482 Stoicos
850 1439 980 1502 quoque
1008 1441 1080 1485 earn
1106 1423 1141 1484 in
1168 1421 1262 1486 bonis

126 1523 277 1587 habuisse
303 1521 452 1586 efficitur
475 1541 492 1585 e
516 1521 652 1586 Stobaeo
676 1522 787 1605 (eclog.
804 1522 837 1584 Π
853 1523 895 1586 80
914 1523 1074 1588 Waohsm.
1096 1565 1130 1586 =
1146 1525 1263 1589 Arnim

125 1626 143 1690 l.
169 1647 196 1690 c.
222 1627 272 1690 ΠΙ
296 1625 411 1708 fragm.
438 1625 527 1706 136).
557 1625 633 1688 ‘rev
658 1626 694 1686 δὲ
721 1624 932 1701 προηγμένων
955 1624 995 1686 τὰ
1014 1627 1070 1702 μὲν
1094 1621 1170 1690 εἶναι
1193 1630 1264 1708 περὶ

125 1731 241 1811 ψυχήν,
264 1729 305 1793 τὰ
331 1729 368 1790 δὲ
386 1729 457 1806 περὶ
476 1733 572 1809 ςῶμα,
595 1727 635 1790 τὰ
651 1729 688 1789 δὲ
711 1726 812 1808 ἐκτός,
825 1776 831 1789 .
846 1775 873 1788 ..
911 1731 977 1790 τῶν
997 1727 1027 1790 δ’
1043 1729 1132 1792 ἐκτός
1150 1734 1262 1813 γονεῖς,
1345 1783 1349 1794 ,

124 1834 236 1895 τέκνα
265 1835 370 1908 κτῆςιν
400 1829 571 1909 ςύμμετρον
596 1830 672 1893 xit?
686 1830 707 1906 1)
747 1829 853 1892 Etiam
875 1847 941 1892 vox
968 1829 1137 1894 εὐθαναςία
1159 1832 1261 1914 philo-

126 1935 257 2017 sophiae
274 1933 460 1997 Stoioorum
476 1931 586 1996 deberi
609 1933 689 1995 mihi
705 1932 848 1996 videtur:
873 1934 997 2016 primus
1022 1935 1107 1997 enim
1130 1934 1263 2016 praebet

125 2037 208 2102 hanc
233 2055 351 2100 vocem
375 2034 566 2118 Posidippus
590 2035 716 2116 (Myrm.
737 2034 830 2112 Koch
849 2035 960 2118 iregrn.
980 2038 1032 2119 18)
1056 2042 1125 2099 turn
1149 2036 1261 2100 Cicero

126 2142 226 2223 (epist.
249 2140 290 2203 ad
307 2139 407 2201 Attic.
430 2139 479 2219 16,
498 2139 551 2221 73)
575 2143 607 2202 et
629 2138 731 2220 Philo,
756 2158 851 2221 quem
867 2139 1005 2222 plurima
1024 2159 1042 2204 e
1060 2140 1262 2223 philosophia

125 2242 307 2308 Stoicorum
322 2243 469 2305 hausisse
482 2244 606 2305 constat
617 2243 645 2324 (Ι
659 2244 743 2325 182),
756 2263 826 2307 eam
835 2248 999 2326 usurpant,
1013 2245 1261 2326 Augustumque

125 2348 280 2411 vocabulo
291 2346 351 2410 illo
362 2347 411 2408 uti
421 2347 625 2410 consuevisse
635 2345 808 2410 Suetonius
818 2346 1082 2429 tradit(vitaAug.
1093 2347 1259 2429 cp.99).—

212 2451 306 2514 Bona
332 2449 517 2531 corporis,
542 2467 624 2530 quae
648 2454 822 2532 enumerat,

211 2554 455 2618 Anaximenes:
481 2551 571 2629 ῥώμη
597 2556 629 2615 et
651 2552 778 2616 κάλλος.

211 2655 428 2721 Cornificius:
453 2655 615 2737 velocitas,
640 2657 734 2738 vires,
759 2656 905 2740 dignitate,
930 2658 1087 2723 valetudo.

211 2761 328 2825 Cicero
355 2756 406 2839 (de
429 2757 550 2820 invent.
573 2756 665 2820 1159
690 2759 818 2822 inverso
843 2757 979 2842 ordine):
1009 2761 1167 2843 valetudo,
1192 2760 1259 2844 dig·

123 2862 212 2943 nitas,
235 2864 334 2942 vires
361 2859 522 2923 velocitas.

207 2966 315 3030 Theo:
343 2963 439 3044 ὑγεία,
464 2962 553 3044 ίςχύς,
572 2964 696 3045 κάλλος,
715 2964 935 3043 εὐαιςθηςία.

209 3066 411 3133 Cornificius
435 3066 534 3148 igItur
557 3069 589 3129 et
604 3065 715 3128 Cicero
740 3065 824 3130 idem
840 3068 1001 3150 praebent
1033 3069 1118 3134 Theo
1143 3069 1262 3135 omittit

121 3173 213 3250 τάχος
229 3171 477 3255 (velocitatem);
495 3169 551 3232 sed
566 3171 615 3234 vis
631 3170 809 3234 velocitatis
827 3173 941 3235 iamin
956 3193 1036 3237 voce
1053 3174 1135 3253 ἰςχύς
1151 3176 1260 3240 inesse

122 3277 230 3357 potest,
256 3275 387 3337 utiam
410 3272 599 3337 Aristoteles
622 3275 657 3335 in
681 3276 921 3338 enumeratione
945 3276 1101 3339 bonorum
1127 3278 1261 3358 exponit

123 3377 209 3458 (rhet.
225 3379 252 3442 Ι.
274 3373 544 3458 5‚1361b.22):
571 3374 601 3437 ‘d
624 3377 719 3454 ταχὺς
743 3377 865 3456 ίςχυρός
889 3378 1028 3459 ἑςτινὟ),
1054 3398 1152 3462 quare
1168 3381 1260 3442 casui

122 3499 184 3543 non
200 3480 350 3546 dandum
375 3482 431 3559 est,
456 3478 654 3561 quodetiam
672 3477 866 3542 Cornificius
882 3479 977 3544 ‘vires
996 3482 1030 3543 et
1045 3481 1258 3545 velocitatem’

122 3586 296 3648 coniuncte
313 3585 436 3644 tractat.
461 3618 505 3626 —
528 3580 591 3645 Sed
607 3600 691 3644 nova
715 3586 763 3645 est
776 3583 915 3646 Theonis
930 3583 985 3646 illa
1001 3584 1174 3663 εὐαιςθηςία
1188 3585 1215 3646 i·
1227 3603 1259 3648 e·

207 3731 229 3801 ¹)
250 3729 375 3784 Constet
388 3724 498 3780 Stoicos
512 3727 626 3796 copiose
640 3726 706 3793 περὶ
717 3729 811 3793 γόμου
827 3728 872 3782 καί
884 3729 1066 3784 παιδοποιίας
1081 3729 1259 3802 disseruisse,

123 3829 237 3881 quorum
261 3814 298 3868 de
317 3814 374 3866 hac
394 3827 424 3864 re
438 3812 595 3866 doctrinam
614 3812 747 3866 Theonen
760 3816 887 3867 secutum
901 3829 963 3868 esse
983 3813 1041 3868 iam
1060 3814 1180 3884 Dyroff
1192 3813 1219 3881 (l.
1234 3832 1258 3870 c.

122 3913 161 3968 με.
169 3901 232 3971 237)
246 3896 467 3954 demonstravit.
483 3897 521 3952 cf.
530 3898 617 3952 Sext.
632 3898 695 3952 adv.
704 3899 791 3952 math.
799 3898 835 3952 XI
844 3898 879 3952 46
893 3898 937 3968 (=
945 3898 1050 3953 Arnim.
1059 3901 1076 3953 l.
1086 3915 1109 3953 c.
1118 3898 1190 3951 IHfr.
1201 3898 1258 3965 96):

122 3983 270 4042 ‘cnoubutu
283 3983 390 4049 τέκνα’;
398 3984 519 4052 piurima
532 3985 607 4054 apud
615 3985 847 4054 K.Praechter,
854 3984 999 4038 Hierokles
1007 3986 1133 4054 1901,pg.
1140 3985 1175 4037 66
1181 4000 1258 4054 seqq.

209 4074 229 4144 ²)
250 4072 292 4128 Gi.
308 4068 425 4124 Pindar.
438 4069 501 4124 01.1
514 4071 561 4124 99:
576 4069 631 4123 ‘ivo
644 4071 764 4133 ταχυτὰς
777 4073 878 4122 ποδῶν
892 4069 1010 4135 ἐρίζεται
1025 4070 1109 4135 ἀκμαί
1128 4069 1153 4122 τ’
1165 4067 1259 4132 ἰςχύος

124 4157 312 4222 θραςὺπονοι’
326 4158 355 4208 εί
369 4153 447 4208 Pind.
461 4156 539 4210 Nem.
552 4156 587 4210 VI
601 4157 650 4210 73:
671 4157 792 4221 δελφῖνι
805 4172 852 4208 κεν
864 4155 950 4218 τάχος
966 4155 1000 4207 δι’
1017 4156 1109 4220 ἅλμας
1123 4153 1259 4220 είκαίζοιμι

125 4241 264 4310 Μεληςίαν
274 4243 388 4308 χειρῶν
396 4255 428 4292 τε
437 4240 482 4293 καί
493 4241 584 4306 ίςχόος
598 4242 742 4308 ἁνιόχοιο’;
752 4242 918 4310 Xenophan.
928 4240 1002 4310 [πρῶ
1013 4242 1101 4294 Diels:
1115 4242 1259 4306 *ταχυτῆτι

124 4330 227 4399 ποδῶν,
246 4329 346 4390 τόπερ
368 4323 424 4376 ἐςτί
442 4327 584 4392 πρότιμον
598 4327 722 4394 δῶμης’;
741 4326 1007 4381 Pseudo-Demosth.
1022 4327 1142 4396 epitaph.
1156 4340 1199 4393 cp.
1214 4327 1257 4382 14.
