3290 5264
182 477 273 570 [321]
514 491 552 544 De
572 491 814 546 Pseudo-Luciam
833 493 990 547 Amorihus.
1269 491 1310 553 59

181 661 276 728 εἶναι
296 665 478 742 λέγεεθαι,
498 664 592 739 τιλήν
613 663 728 740 ἀληθῆ
749 684 784 737 γε
804 665 842 741 νή
862 666 920 742 τήν
941 665 1065 729 Κνιδίαν
1082 667 1311 745 Ἀφροδίτην.-

181 769 325 851 Lycinus
344 767 487 830 Platonis
505 767 725 844 Σωκρατικοὺε
743 766 858 841 λόγου(
876 767 1018 832 imitatus
1038 771 1194 833 sermonis
1209 769 1309 833 finem

181 872 259 936 iacit
281 869 424 934 Hercule
447 870 480 930 in
505 869 693 932 memoriam
715 875 864 933 revocato
876 873 913 950 1);
940 871 1031 954 sequi
1056 873 1154 955 igitur
1178 892 1310 955 cognos-

181 977 285 1039 cimus
305 993 379 1037 eum
394 971 529 1035 Luciani
549 972 770 1035 ‘Anacharsim'
791 978 824 1036 et
842 972 1032 1056 ‘Cynicum'‚
1053 976 1081 1037 si
1098 976 1167 1066 eius
1183 977 1310 1056 estu.-

182 1077 242 1142 His
271 1076 377 1141 verbis
407 1075 638 1139 Theomnastus
668 1074 830 1156 Lycinum
860 1078 1004 1160 increpat
1034 1077 1145 1140 arbitri
1175 1097 1309 1142 munere

179 1182 224 1244 ita
247 1181 404 1261 functum,
430 1184 464 1241 ut
487 1180 640 1242 statueret
662 1179 702 1261 (p.
720 1180 760 1241 51
781 1199 809 1261 p.
827 1181 919 1260 toll:
944 1181 993 1243 διὸ
1014 1183 1052 1258 δὴ
1072 1182 1229 1259 γαμητέον
1253 1184 1310 1260 μὲν

180 1283 282 1365 ἅπαει,
305 1284 519 1358 παιδεραστεῖν
544 1283 580 1343 δὲ
599 1281 732 1359 coerceo
758 1282 867 1358 μόνοιε
889 1287 952 1347 τοῑε
973 1288 1091 1364 εαφοῖε,
1116 1285 1202 1365 quod
1225 1285 1309 1346 iudi·

180 1387 268 1450 cium
287 1390 323 1448 ut
338 1383 557 1448 Callicratidae
576 1384 620 1447 ita
639 1383 809 1448 Socraticis
830 1385 1002 1468 respondet
1012 1387 1042 1467 ³).
1066 1386 1309 1451 Theomnasti

180 1579 252 1633 haec
281 1579 409 1646 leguntur
435 1577 509 1644 apud
534 1576 704 1645 Hesychium
728 1593 753 1630 v.
767 1578 967 1643 κωμαετήε·δ
991 1582 1115 1644 τρυφῶν
1142 1578 1199 1642 μετ’
1221 1579 1308 1644 ὠιδήε

181 1665 315 1726 ἀεελγοδε
334 1663 414 1730 (haec
438 1677 494 1714 vox
519 1661 592 1729 apud
611 1661 781 1730 Hesychium
803 1678 861 1715 non
885 1662 1016 1729 traditur3
1042 1663 1092 1716 sed
1112 1663 1146 1716 cl.
1162 1663 1239 1716 Phot.
1253 1663 1307 1716 lex.

180 1765 205 1801 ν.
220 1751 247 1801 et
266 1764 349 1802 nunc.
361 1747 448 1801 schol.
459 1746 573 1800 Lucian.
588 1763 613 1814 p.
625 1747 685 1813 215,
698 1748 711 1800 1
726 1747 824 1816 Rahe),
838 1765 864 1800 ν.
875 1753 1024 1812 κωμαετοῦ
1040 1763 1044 1774 ·
1058 1752 1111 1800 τοῦ
1125 1749 1308 1812 κωμάζοντα(

179 1835 359 1899 τερπομένου
376 1832 432 1897 μετ’
448 1833 542 1898 ὠιδήε.
569 1832 610 1884 Ex
622 1831 747 1886 Lucieno
766 1833 801 1886 cf.
815 1833 858 1886 his
878 1849 972 1888 accus.
988 1834 1029 1902 16,
1045 1834 1087 1903 17,
1101 1834 1150 1900 31;
1170 1834 1220 1889 vit.
1233 1837 1308 1888 auct.

182 1918 215 1972 13
228 1917 273 1972 καὶ
292 1919 446 1982 κωμάεαι
467 1917 524 1981 μετ’
539 1915 709 1982 αὐλητρίδα(
734 1918 892 1984 ἐπιτήδεια(
913 1919 1041 1984 ἐρῶντι
1064 1918 1108 1972 καὶ
1132 1919 1245 1971 ἀεὼτιιιι
1264 1922 1308 1971 δε-

181 2005 288 2072 επότηι,
312 2020 367 2072 quo
381 2003 415 2056 de
435 2003 563 2071 exemplo
583 2001 703 2070 henigne
722 2019 767 2056 me
786 2003 895 2056 monuit
908 2003 1112 2071 Reitzenstein3
1136 2004 1207 2058 haec
1226 2003 1309 2072 igitur

180 2089 217 2142 ad
235 2088 404 2157 Hesychium
423 2104 449 2139 ν.
463 2087 613 2152 κωμαετη(
625 2087 772 2154 quadrant.
801 2088 906 2141 Auctor
919 2092 1013 2142 autem
1027 2093 1123 2142 noster
1142 2088 1209 2142 dicit
1223 2088 1308 2142 etiam

179 2167 380 2239 τερπομένουε
396 2172 452 2237 μετ’
468 2173 555 2237 ὠιδήε
575 2187 638 2225 esse
658 2172 787 2238 ἐραεταέ;
808 2172 913 2226 recedit
932 2173 986 2227 hac
1006 2173 1034 2226 in
1048 2191 1086 2239 re,
1100 2173 1155 2226 nisi
1168 2173 1257 2240 lallor,
1272 2172 1307 2226 ad

180 2256 391 2312 Callicratidam
410 2257 454 2324 (42
467 2273 492 2324 p.
502 2256 556 2310 443
567 2255 618 2324 sq.)
631 2257 819 2324 explicantem
838 2259 942 2326 templa
961 2259 1096 2326 praebere
1116 2257 1308 2326 impudicitiae

179 2342 342 2396 facultatem
367 2342 430 2409 (hac
456 2341 491 2395 de
516 2341 681 2410 quaestione
706 2342 739 2394 cf.
755 2342 943 2410 Friedlltnder,
970 2344 1097 2398 Darstell.
1119 2360 1170 2397 aus
1194 2343 1219 2396 d.
1238 2347 1306 2396 rbm.

179 2427 378 2496 Sittengesch.⁰
395 2428 429 2480 ΙΙΙ
446 2427 498 2480 501
514 2426 572 2496 sq).
602 2425 662 2492 Quo
685 2427 747 2480 loco
773 2428 863 2494 ἢτήν
887 2428 1016 2494 Φρυγίαν
1042 2427 1164 2493 δαίμονα
1187 2427 1231 2480 καί
1256 2430 1308 2480 τὸν

180 2513 325 2578 δνεέρωτα
338 2516 453 2574 κῶμον
468 2511 512 2564 ἐπὶ
525 2514 578 2564 τῶι
591 2512 704 2576 ποιμένι
717 2512 851 2580 legimus;
871 2513 1041 2568 scholiastae
1054 2514 1081 2567 h.
1090 2515 1107 2567 l.
1118 2513 1214 2582 (206,9
1225 2529 1263 2581 sq.
1272 2513 1307 2582 R)

178 2596 291 2664 quidem
310 2597 482 2664 temporibus
502 2597 581 2649 locus
600 2596 708 2664 integer
726 2613 784 2650 non
803 2597 914 2651 videtur
937 2598 1032 2666 fuisse,
1058 2614 1122 2652 cum
1145 2598 1181 2652 ad
1205 2600 1306 2652 lemma

179 2682 300 2747 ποιμένα
319 2682 389 2735 haec
409 2681 597 2750 explicentur:
620 2682 672 2733 τὸν
692 2682 722 2734 δέ
741 2681 835 2747 Πάριν
854 2681 912 2751 (sol.
927 2683 1023 2752 λέγει),
1048 2683 1079 2735 δε
1103 2685 1159 2736 ἀπὸ
1181 2681 1307 2749 Φρυγία(

179 2768 309 2831 κιιιμιίεαε
334 2765 372 2819 sic
391 2765 587 2831 Λακεδαίμονα
611 2765 683 2819 εἷλεν
703 2767 816 2833 Ἑλένην
840 2768 893 2833 τὴν
919 2769 1075 2822 Μενελάου.
1104 2769 1200 2837 Neque
1224 2767 1307 2836 igitur

178 2851 310 2920 ArethaS,
334 2868 351 2905 a
375 2867 430 2919 quo
448 2853 520 2906 haec
548 2851 674 2919 profecta
702 2856 779 2919 sunt,
811 2853 904 2906 locum
933 2853 1083 2918 intellexit,
1112 2869 1175 2907 cum
1198 2853 1306 2919 ποιμήν

178 2936 215 2990 sit
233 2937 314 2990 Attis.

271 3020 290 3089 ¹)
310 3022 455 3089 Quaenam
474 3017 627 3087 ‘dexleiu
650 3026 765 3091 spectet,
788 3023 841 3076 hoc
866 3025 929 3078 loco
954 3024 1037 3079 claris
1061 3025 1155 3077 verbis
1179 3023 1306 3078 enuntiat

177 3119 269 3174 neque
289 3105 404 3160 dubium
424 3109 474 3174 est,
494 3106 522 3160 id
542 3107 616 3174 quod
636 3107 746 3162 censuit
764 3108 855 3162 Lauer
874 3109 917 3176 37,
937 3109 984 3178 qui
1004 3109 1178 3178 prooemium
1197 3113 1306 3164 tantum

177 3190 233 3244 nisi
252 3207 296 3244 me
315 3190 388 3245 fallit
410 3191 540 3259 respexit.
570 3191 731 3246 Secundum
755 3194 831 3246 enim
855 3195 930 3248 sacri
949 3195 1064 3248 brevem
1088 3194 1306 3263 descriptionem

177 3290 261 3342 rogus
287 3275 464 3341 substruitur,
489 3292 544 3344 quo
563 3276 692 3330 homines
712 3277 746 3330 de
765 3278 893 3332 Herculis
918 3279 947 3332 in
971 3278 1041 3333 Oeta
1065 3279 1209 3334 doloribus
1230 3296 1305 3334 com·

178 3363 353 3413 moneantur.
382 3361 471 3428 Quam
495 3361 530 3414 ob
554 3378 611 3414 rem
639 3361 743 3415 scimus
767 3363 812 3431 agi
838 3362 873 3416 de
892 3364 1009 3418 Hercule
1030 3363 1143 3430 Oetaeo,
1170 3365 1217 3432 qui
1242 3382 1306 3419 cum

178 3444 304 3498 Aetolico
324 3446 457 3499 confusus
477 3449 527 3499 est.
556 3447 653 3514 Neque
667 3464 735 3501 vero
749 3449 861 3516 planius
875 3453 958 3518 atque
973 3450 1076 3504 certius
1090 3450 1199 3504 definiri
1212 3455 1305 3520 potest

178 3529 314 3597 quaestio,
335 3546 398 3583 cum
411 3530 569 3584 Thebarum
589 3533 681 3585 solum
700 3533 764 3588 illas
783 3533 869 3587 ferias
889 3535 1089 3603 imperatorum
1108 3540 1201 3590 aetate
1215 3536 1305 3590 divul-

179 3616 258 3680 gatas
282 3613 368 3668 luisse
392 3615 544 3669 memoriae
568 3621 682 3670 nostrae
701 3617 842 3686 proditum
862 3619 899 3673 sit
917 3619 1050 3688 (Stengel,
1070 3619 1179 3674 Griech.
1193 3620 1305 3674 Kultus-

179 3698 283 3751 altert.²
305 3699 365 3767 220,
381 3717 417 3765 re,
445 3699 479 3753 de
504 3706 668 3768 argumento
692 3702 824 3757 universo
847 3721 872 3757 ν.
887 3704 982 3759 Couve
1008 3708 1035 3758 et
1058 3705 1205 3758 Diirrbach
1230 3705 1305 3773 apud

178 3780 349 3852 Daremberg
375 3787 402 3837 et
429 3784 531 3852 Sagli0‚
558 3786 622 3840 dict.
641 3791 698 3840 ant.
718 3805 755 3856 gr.
775 3792 803 3842 et
822 3807 842 3842 r.
857 3790 930 3856 llll,
955 3790 989 3843 78
1000 3807 1039 3859 sq.
1062 3790 1112 3843 122
1123 3789 1187 3859 sq),
1213 3806 1304 3858 neque

179 3866 283 3933 dubito,
304 3868 371 3936 quin
389 3869 449 3937 ipse
468 3873 567 3923 auctor
587 3873 680 3924 locum
700 3860 984 3942 certum'signilicare
1004 3875 1133 3929 noluerit.

100 3939 109 3956 ¹
270 3953 290 4022 ἣλ
311 3952 350 4005 Cf.
364 3952 452 4020 Helm,
476 3955 553 4008 Neue
572 3956 667 4009 Jahrb.
682 3957 698 4010 l.
713 3958 738 4010 d.
753 3958 836 4011 klass
853 3959 948 4012 Altert.
964 3959 988 4012 1.
999 3959 1098 4013 Abteil.
1111 3959 1189 4026 1902,
1206 3958 1288 4026 360,2
1297 3978 1303 4025 ;

177 4050 275 4089 verum
294 4037 324 4090 in
343 4037 445 4106 dialogi
465 4045 629 4108 argumento
649 4041 800 4096 iudicando
813 4060 830 4096 a
843 4043 904 4097 viro
918 4044 1001 4098 docto
1015 4043 1151 4098 dissentio
1164 4042 1201 4112 (p.
1216 4044 1258 4110 61,
1272 4043 1303 4111 a).

269 4122 288 4188 ³)
301 4122 360 4174 Etsi
374 4123 431 4176 iam
446 4123 550 4177 dudum
561 4126 654 4178 locum
665 4142 842 4180 communem
852 4127 918 4181 inde
929 4128 1054 4182 evasisse
1066 4122 1150 4196 supra
1160 4128 1302 4196 novimus;

178 4203 211 4256 cl.
232 4204 317 4259 etiam
341 4205 450 4261 Seleuci
474 4208 589 4278 (Athen.
602 4211 650 4265 XV
663 4210 751 4280 eard)
777 4212 863 4266 haec:
891 4214 967 4276 κάγὼ
995 4214 1193 4279 παιδοφιλήειιι
1210 4228 1214 4238 ·
1229 4213 1303 4265 πολίι

180 4304 227 4348 μοι
245 4291 360 4343 κάλλιον
380 4292 397 4356 ἢ
417 4296 524 4357 γαμεῖν.
546 4325 579 4331 -
598 4295 718 4348 Mediam
743 4298 884 4364 quandam
908 4297 984 4351 viam
1007 4301 1082 4351 tenet
1101 4298 1200 4351 Timon
1220 4297 1264 4366 (59
1277 4314 1303 4365 p.

178 4371 231 4425 180
241 4389 280 4442 sq.
294 4374 488 4446 Wachsmuth)
508 4379 570 4444 ὥρη
592 4380 667 4448 ἐρᾶν,
689 4382 751 4446 ὥρη
772 4383 803 4433 δέ
821 4385 928 4452 γαμεῖν,
950 4384 1013 4450 ὥρη
1034 4384 1064 4436 δέ
1084 4383 1248 4436 πειταίιεθαι.

791 4655 1058 4788 648397
