3240 5252
333 509 376 570 82
749 517 871 571 Petrus
890 518 982 586 aeis,
1373 512 1457 596 [2421

332 690 452 772 maique
479 692 627 752 orationis
654 697 682 752 ot
707 690 821 772 wem
843 687 861 756 <
880 687 939 753 ot>
961 693 1078 774 pictum
1109 699 1137 755 ot
1166 693 1334 776 expolitum
1359 715 1458 779 ponus.

334 790 477 872 Utraque
502 797 684 855 correctura
699 793 831 874 probata
853 791 938 855 haud
962 793 1006 855 ita
1022 793 1104 857 bene
1125 797 1277 875 quattuor
1294 795 1347 857 illa
1359 796 1459 860 adiec-

332 894 398 955 tiva
421 896 470 956 ter
491 895 592 976 posito
617 902 645 959 et
670 895 862 976 vinciuntur,
889 900 985 976 atque
1007 895 1093 976 quod
1113 895 1151 958 ad
1173 895 1366 960 Baehrensii
1386 918 1457 960 con-

332 998 489 1059 ieoturam
512 997 659 1080 pertinet,
684 1001 919 1063 connumeror
943 998 1054 1062 abesse
1077 999 1134 1060 rix
1153 1004 1267 1081 potest.
1298 999 1397 1063 Porro
1420 1009 1460 1065 est

330 1107 433 1163 autom
452 1101 606 1185 quoddam
629 1104 721 1166 elium
744 1104 863 1186 iurique
885 1109 914 1164 ot
934 1102 1049 1185 floreus
1071 1104 1221 1165 orationis
1238 1105 1343 1186 pictae
1366 1111 1393 1167 ol
1411 1125 1459 1167 ou-

327 1204 441 1287 polo'too
456 1225 553 1290 pouua
568 1204 790 1287 suspicabatur
805 1204 1025 1286 Heusinger1),
1044 1211 1086 1268 eat
1101 1207 1183 1268 euim
1199 1207 1354 1290 quoddam
1370 1209 1458 1270 otium

329 1309 450 1391 tuaque
472 1314 501 1370 ot
521 1307 650 1390 floribus
668 1311 818 1372 orationis
835 1310 953 1392 putum
972 1314 1000 1371 ot
1017 1309 1186 1391 expolitum
1202 1329 1300 1394 qeuus
1318 1309 1460 1372 Heerde-

329 1410 483 1492 genius²)‚
507 1418 550 1474 eat
572 1413 654 1476 euim
678 1411 831 1496 quoddam
855 1413 947 1474 etium
971 1411 1142 1496 tuaiqm’bus
1161 1412 1292 1495 floribus
1314 1415 1461 1476 oro-tuuis

324 1515 444 1597 picum
468 1520 496 1577 ot
518 1515 682 1598 expolitum
703 1535 806 1599 penus,
831 1515 856 1576 si
881 1516 968 1577 recte
992 1513 1067 1582 vidi.
1092 1513 1293 1596 Stangliusi).
1322 1513 1365 1577 nt
1384 1536 1460 1597 quo-

329 1616 424 1679 modo
443 1617 551 1680 rhetor
570 1617 610 1680 de
634 1637 749 1698 genere
773 1617 825 1680 vel
849 1616 945 1680 etiam
969 1617 1008 1678 de
1032 1616 1203 1696 generibus
1227 1617 1331 1699 pictae
1356 1624 1389 1681 et
1407 1637 1459 1680 ex-

330 1717 446 1801 politae
477 1721 628 1782 orationis
658 1720 747 1801 loqui
777 1719 903 1803 potest?
940 1717 1065 1781 Deinde
1097 1721 1195 1781 trium
1226 1719 1457 1784 adiectivorum

328 1821 470 1884 medium
486 1823 588 1885 solum
606 1823 803 1886 substantivo
820 1822 949 1904 floribus
968 1821 1105 1884 definire
1122 1828 1217 1903 atque
1233 1823 1318 1886 inter
1336 1823 1368 1885 id
1386 1824 1459 1886 sub-

329 1926 502 1988 stantivum
522 1945 559 1987 ao
578 1944 691 2006 regens
712 1925 904 1988 adiectivum
923 1928 1072 1989 orationis
1091 1945 1208 1988 nomeu
1227 1945 1349 2008 ponere
1365 1926 1458 1989 Tullii

327 2047 393 2090 non
418 2046 486 2090 esse
506 2028 585 2089 milri
601 2028 736 2090 videtur.
771 2027 852 2090 Tum
868 2027 1028 2090 coloribus
1044 2029 1166 2109 pictum
1179 2018 1309 2092 'dicatur
1327 2029 1457 2111 aliquid,

327 2136 365 2194 ut
384 2131 431 2193 De
452 2151 496 2194 or.
515 2131 572 2211 Ill,
594 2132 673 2194 100:
698 2133 836 2216 quomm'a
858 2131 951 2195 curris
974 2134 1014 2194 sit
1035 2131 1183 2207 coloribus
1196 2134 1283 2215 picto
1302 2132 1346 2195 ool
1359 2136 1459 2216 poesis

327 2235 372 2298 ud
394 2237 508 2298 oratio:
539 2234 694 2297 audacius
723 2237 809 2296 certe
834 2235 933 2296 oratio
963 2233 1026 2296 dici
1053 2232 1183 2296 videtur
1205 2234 1341 2296 floribus
1365 2235 1457 2316 picta

328 2337 446 2418 quibus
485 2336 618 2400 vocibus
656 2337 740 2400 inest
779 2337 899 2419 duplex
939 2336 1115 2417 translatio,
1155 2357 1229 2399 cum
1265 2338 1459 2401 transfertur

325 2440 432 2521 ligura
463 2439 624 2502 coloribus
654 2438 806 2522 pingendi
836 2440 876 2502 ad
907 2440 1082 2502 orationem
1116 2442 1147 2502 et
1177 2439 1283 2503 denuo
1314 2440 1459 2504 colorum

325 2543 397 2606 loco
422 2542 557 2605 floribus
580 2543 692 2626 positis
716 2546 846 2627 piuqoro
870 2541 988 2605 dicitur
1010 2562 1067 2625 pro
1092 2561 1129 2605 eo
1154 2542 1240 2624 quod
1266 2549 1313 2606 est
1335 2564 1458 2608 curuum.

326 2646 493 2708 Postremo
518 2645 727 2726 Sandysiuse
751 2645 894 2709 disserit:
920 2644 995 2707 ‘The
1019 2645 1138 2708 second
1162 2646 1233 2728 pair
1257 2646 1290 2708 oi
1320 2647 1459 2728 epitheta

325 2751 371 2832 (as
397 2748 551 2813 observed
571 2749 615 2830 by
634 2750 769 2830 Jahn⁵))
793 2768 926 2832 appears
945 2747 1125 2811 redundant
1144 2748 1206 2810 and
1231 2768 1313 2831 open
1335 2754 1366 2811 to
1388 2769 1460 2812 sus-

325 2853 442 2936 picion.
474 2852 504 2914 lt
527 2873 600 2934 may
624 2853 749 2916 further
771 2853 811 2914 be
835 2851 1005 2934 suggested
1030 2851 1105 2931 that,
1129 2851 1154 2912 ii
1173 2851 1226 2912 tlre
1246 2852 1368 2914 second
1388 2854 1460 2933 pair

324 2975 409 3019 were
434 2955 576 3036 omitted,
599 2975 648 3019 we
672 2954 786 3019 should
811 2955 919 3017 obtain
943 2975 961 3016 a
986 2953 1087 3017 closer
1107 2955 1289 3017 connexion
1308 2953 1460 3018 between

305 3059 380 3121 the
412 3059 535 3140 epithet
562 3059 676 3142 floreus
705 3058 768 3121 and
799 3058 852 3121 the
883 3056 1109 3139 metaphorica]
1140 3056 1305 3119 reference
1339 3063 1369 3120 to
1402 3057 1458 3121 the

326 3163 453 3245 ohaplet
472 3163 505 3225 oi
523 3163 652 3226 ilowers
671 3162 802 3245 implied
822 3162 855 3223 in
874 3161 1058 3247 illigantur?
1088 3162 1132 3223 At
1150 3160 1237 3223 unde
1257 3160 1461 3243 irrepserunt

325 3264 389 3328 duo
415 3265 468 3328 illa
491 3265 672 3328 adjectiva?
704 3265 794 3341 Quod
820 3284 891 3328 oum
917 3264 1010 3346 plane
1034 3263 1186 3346 ignorem,
1211 3281 1248 3325 ea
1267 3282 1460 3345 expungere

324 3388 390 3430 non
415 3369 525 3450 audeo,
558 3368 611 3431 sed
645 3369 722 3431 satis
746 3367 845 3430 habeo
876 3372 1082 3448 transponere
1103 3367 1225 3452 pauoris
1254 3385 1371 3429 nomen
1403 3367 1459 3447 ita,

417 3551 435 3620 ²)
456 3551 495 3606 Cl.
516 3551 636 3604 Ernestii
656 3551 725 3604 Tull.
746 3566 862 3617 operum
881 3549 923 3602 ed.
937 3547 1023 3602 Lond.
1039 3565 1063 3602 a.
1079 3548 1149 3602 1830
1168 3548 1223 3600 vol.
1237 3548 1268 3613 ll,
1290 3547 1370 3600 1471.

415 3637 435 3705 ²)
454 3639 485 3691 ln
504 3637 598 3691 adnot.
620 3636 679 3689 crit.
700 3635 831 3690 editionis
845 3636 948 3688 Teubn.
963 3634 1025 3688 coll.
1038 3633 1054 3703 ξ
1067 3633 1110 3700 65,
1130 3634 1180 3687 sed
1199 3633 1296 3688 confer
1309 3635 1379 3688 Rev.
1396 3636 1459 3689 crit.

414 3809 435 3876 3)
453 3807 634 3875 Perspicuum
653 3809 780 3871 nonest,
808 3809 900 3858 utrum
920 3804 1063 3873 Stanglius
1086 3804 1115 3857 in
1135 3802 1266 3856 editionis
1293 3820 1363 3860 suae
1392 3806 1460 3861 adn.

324 3893 390 3947 crit·
404 3894 561 3960 iuaiquibua
577 3894 680 3958 floreus
699 3922 732 3930 -
752 3891 786 3944 cl.
800 3891 879 3943 Burs.
900 3907 966 3944 ann.
984 3889 1028 3956 84,
1046 3889 1100 3942 350
1119 3917 1151 3925 -
1172 3904 1210 3941 an
1229 3889 1391 3955 inaiquibus
1410 3892 1460 3956 flo-

323 3979 402 4030 ribus
430 3977 580 4031 scribenda
606 3977 712 4031 offerat.
744 3976 879 4045 Equidem
902 3974 1085 4043 posteriorem
1112 3974 1173 4038 eius
1198 3973 1364 4041 opinionem
1394 3992 1460 4030 esse

323 4063 464 4130 existim0,
485 4079 549 4116 cum
562 4062 592 4116 in
605 4063 678 4116 DLZ.
692 4062 782 4130 (1884)
794 4061 825 4128 V,
846 4061 915 4115 1823
928 4059 1112 4128 Heerdegenii
1125 4075 1296 4126 magnopere
1310 4075 1460 4114 commen-

324 4148 433 4203 daverit
454 4149 655 4202 conieoturam.
684 4147 789 4214 Quodsi
809 4148 929 4199 alterum
948 4144 1134 4214 proposuerit,
1157 4144 1295 4198 incertius
1314 4144 1360 4213 sit,
1381 4148 1461 4214 quod

324 4233 532 4286 substantivum
551 4233 591 4285 illi
611 4233 752 4286 adiectivo
772 4232 807 4285 sit
826 4232 1020 4299 supplendum.
1081 4233 1086 4242 '

414 4318 435 4385 ⁴)
455 4318 503 4371 Ed.
524 4317 657 4371 Cantabr.
676 4333 738 4386 pag.
754 4317 813 4370 105.

414 4401 435 4471 ⁶)
453 4403 501 4455 Ed.
516 4403 559 4455 lll.
575 4418 600 4456 a.
616 4402 686 4454 1869
705 4418 765 4470 pag.
780 4402 822 4453 80.
