3240 5252
370 487 416 551 96
823 495 943 549 Petrus
963 495 1055 564 Reiz,
1414 485 1503 572 [256]

369 672 496 734 tiorum
605 667 695 731 Inter
724 667 797 732 baec
826 667 889 732 duo
911 670 1112 732 mutantiauis
1137 688 1253 753 ymera
1283 667 1339 732 ltoo
1362 671 1499 732 intereat:

368 772 450 836 illud
471 791 509 836 ec
531 770 627 835 uerbis
649 772 786 835 cderiter
808 771 913 834 rotatis
936 777 1053 834 renuat
1067 805 1111 816 -
1131 789 1168 833 aa
1190 770 1290 853 igitur
1308 770 1503 853 uoluuntur,¹

369 892 452 956 quae
468 873 586 937 debant
608 872 730 954 referri,
755 871 853 936 verba
868 871 992 936 scilicet
1007 909 1051 920 -—
1068 873 1117 937 tric
1139 876 1307 938 uatenttoe
1328 878 1501 938 contrariae

369 1013 414 1026 --
433 995 516 1059 quae
539 976 659 1040 debent
681 976 796 1040 reterri
815 1013 855 1022 —
871 995 908 1040 at
929 979 1160 1060 conparatione
1179 975 1365 1059 reserantur
1379 985 1497 1062 oportet.

368 1081 458 1144 idem
479 1079 623 1144 eiusdem
642 1079 731 1142 verbi
751 1099 829 1142 usus
849 1080 1013 1142 invenitur
1028 1081 1062 1140 in
1081 1079 1100 1142 l.
1117 1079 1157 1142 ad
1172 1079 1249 1143 Her.
1266 1079 1323 1160 IV,
1349 1082 1407 1143 27:
1432 1081 1500 1145 Hoc

369 1184 448 1267 (scil.
458 1183 491 1246 id
501 1182 587 1266 qood
597 1201 726 1265 compar
737 1181 925 1264 appellatur)
936 1202 998 1264 uou
1010 1183 1257 1246 dinumeratione
1273 1190 1379 1247 roura
1389 1183 1448 1266 fiet,

367 1289 421 1353 scd
436 1294 556 1351 tautum
572 1286 682 1368 afferet
697 1307 771 1351 usus
786 1293 813 1349 et
828 1288 1004 1349 exercitatio
1019 1284 1186 1365 facultatis,
1203 1292 1238 1349 ut
1252 1289 1355 1350 ouimi
1369 1288 1498 1371 quodam

368 1413 457 1458 uusu
475 1411 541 1477 par
558 1391 727 1455 membrum
742 1391 897 1475 superiori
911 1389 1032 1470 referre
1048 1392 1209 1473 possimus.
1234 1388 1360 1465 Quibus
1379 1410 1397 1453 e
1415 1391 1498 1453 testi-

368 1496 485 1558 moniis
508 1499 640 1578 apparet
655 1494 846 1558 abrincensi
871 1498 1000 1556 auctora
1024 1491 1170 1554 hocloco
1187 1491 1396 1556 scribendum
1412 1511 1497 1556 esse:

368 1602 442 1685 quio
465 1597 649 1680 referuntur·
670 1619 707 1662 ea
729 1617 806 1683 qrrae
828 1596 934 1661 ubeut
956 1595 1080 1677 referri.

459 1700 522 1765 Sed
546 1719 738 1782 quamquam
768 1701 815 1762 sio
839 1699 926 1761 hunc
948 1698 1056 1761 locum
1080 1698 1157 1760 satis
1185 1697 1396 1762 illustravisse
1422 1701 1498 1762 milri

368 1804 491 1885 videon
513 1810 618 1866 tamen
642 1803 844 1886 superfluum
862 1807 996 1866 nonest
1018 1801 1160 1865 diversas
1185 1818 1313 1883 quoque
1338 1804 1497 1866 variorum

368 1907 528 1971 editorum
544 1907 711 1988 opiniones
728 1907 836 1969 anime
848 1909 880 1969 et
892 1905 1086 1987 cogitatione
1099 1905 1316 1988 contemplari.
1337 1905 1497 1989 Stanglius

369 2010 497 2093 quidem
523 2010 557 2071 in
584 2009 754 2072 annalibus
777 2010 941 2072 Bavaricis
968 2009 1145 2091 gymnasiis
1173 2009 1340 2073 mennatis
1363 2029 1389 2073 a.
1412 2013 1497 2074 1882

368 2131 437 2197 pag.
456 2114 520 2176 260
552 2113 806 2176 dissertationem
836 2112 966 2175 ducite
994 2129 1141 2175 sermone
1172 2110 1295 2174 Latine.
1331 2112 1388 2175 Eis
1417 2132 1496 2194 quae

368 2217 525 2280 editiones
542 2215 693 2278 habeant:
718 2217 761 2280 od
783 2237 818 2280 ea
834 2217 877 2280 ad
899 2237 977 2301 qcrae
992 2233 1116 2280 summo
1132 2216 1202 2278 iure
1220 2216 1406 2297 offenditur,
1425 2209 1511 2298 quia'

368 2321 402 2382 in
425 2319 549 2399 talibus
577 2320 758 2399 sententiis,
792 2318 910 2400 quibus
938 2318 1025 2381 idem
1056 2320 1098 2380 sit
1127 2317 1276 2399 verbum,
1307 2321 1496 2402 praepositio

367 2423 503 2506 repetita
525 2421 661 2485 Tulliani
685 2422 750 2484 stili
773 2441 837 2484 non
862 2423 942 2503 sit1).
978 2426 1022 2484 At
1045 2441 1119 2484 cum
1142 2423 1196 2483 vir
1215 2420 1269 2484 ille
1293 2422 1496 2485 doctissimus

368 2525 489 2589 idcirco
505 2525 625 2588 codicis
637 2523 816 2587 Laudensis
828 2525 1020 2607 scripturam
1037 2541 1167 2606 prorsus
1184 2524 1338 2606 probavit
1355 2525 1497 2608 neglexit

368 2630 634 2714 praepositionem
648 2635 721 2693 ante
737 2648 913 2711 pronomen
929 2628 1099 2691 relativum
1123 2627 1226 2690 omitti
1242 2647 1420 2710 numquam
1437 2627 1497 2692 nisi

367 2735 585 2815 subaudiatur,
604 2753 669 2796 non
687 2735 798 2814 omitti,
818 2734 845 2795 si
861 2737 1025 2815 repetatur
1041 2731 1126 2795 idem
1144 2731 1288 2812 verbum,
1305 2732 1393 2814 quod
1410 2752 1499 2816 prae-

368 2838 537 2918 cessario).
573 2836 623 2899 Ad
648 2835 734 2918 quod
763 2835 1048 2899 demonstrandum
1077 2834 1195 2899 afferre
1225 2835 1322 2899 liceat
1344 2837 1496 2899 nonnulla

368 2939 524 3022 exempla,
548 2939 604 3002 ubi
619 2939 812 3022 praepositio
828 2939 918 3003 abest
933 2944 1006 3003 ante
1022 2957 1199 3022 pronomen
1215 2938 1395 3020 relativum,
1416 2939 1497 3022 quod

367 3045 498 3126 respicit
525 3044 707 3106 adnomen
735 3043 864 3124 aliquod
893 3061 968 3105 cum
996 3042 1231 3124 praepositione
1261 3041 1400 3122 quadam
1425 3063 1497 3106 con-

367 3149 513 3210 iunctum
539 3166 576 3209 ao
599 3145 717 3229 pendet
740 3145 779 3210 ab
803 3145 915 3208 eodem
940 3145 1046 3227 verbo,
1070 3145 1159 3207 unde
1181 3144 1261 3206 illud
1284 3164 1414 3210 nomen.

438 3327 473 3390 A.
497 3324 706 3390 Desideratur
727 3325 919 3407 praepositio
942 3328 977 3389 iu
1000 3330 1073 3387 aute
1097 3324 1221 3386 relativi
1246 3324 1432 3388 ablativum.

458 3451 521 3516 Cic.
541 3470 599 3536 pro
623 3452 690 3534 mg.
709 3454 743 3514 I:
777 3451 947 3534 Confitetur
969 3472 1002 3515 se
1021 3455 1056 3514 iu
1079 3473 1115 3515 ea
1133 3458 1227 3534 parte
1248 3450 1355 3532 fuisse,
1379 3472 1441 3536 qua
1463 3459 1495 3531 te,

367 3579 429 3644 qua
452 3561 554 3621 ouum
584 3560 669 3621 uniri
690 3555 783 3621 butte
811 3557 942 3641 dunum
971 3561 1091 3640 patrem
1115 3563 1216 3633 tuum3
1247 3573 1306 3638 pro
1338 3555 1387 3619 eis
1418 3573 1498 3637 quae

367 3667 459 3725 sunt:
483 3662 518 3724 in
542 3681 605 3742 qua
630 3667 665 3723 tu
689 3666 721 3723 et
743 3665 833 3742 pater
856 3666 931 3721 tuus
954 3658 1091 3721 fueritis

456 3764 548 3827 Tusa.
568 3763 592 3842 1,
616 3765 675 3826 46:
708 3763 744 3828 Si
766 3767 934 3846 optuoruur
956 3784 1011 3839 eos,
1040 3761 1149 3846 quibra
1175 3761 1275 3826 orbati
1297 3781 1412 3843 wantos,
1439 3781 1495 3826 osse

367 3887 436 3932 curu
458 3868 562 3954 atiquo
584 3887 673 3931 uusu
696 3869 731 3930 iu
753 3869 793 3930 iis
811 3867 910 3940 medis,
935 3865 1046 3950 quibus
1062 3864 1149 3949 uulgo
1164 3866 1350 3948 opiuautur3
1375 3884 1431 3946 pro
1452 3863 1494 3926 eis

368 3990 449 4052 quae
472 3975 563 4033 sunt:
587 3970 621 4031 in
647 3969 764 4050 quibus
789 3988 842 4032 eos
867 3987 939 4032 esse
962 3969 1140 4051 opinantur.

460 4123 480 4192 1)
499 4125 540 4176 De
558 4139 590 4176 re
608 4123 794 4191 grammatica
805 4123 949 4191 Stanglius
961 4123 1089 4176 conterre
1102 4137 1154 4175 nos
1167 4122 1246 4176 iubet
1258 4138 1332 4190 qnae
1342 4121 1494 4189 Madvigius

368 4208 498 4263 disseruit
516 4209 600 4261 iulia
619 4207 721 4262 finibus
740 4209 877 4262 librorum
897 4207 1021 4261 editione
1041 4209 1133 4261 altera
1149 4223 1210 4275 pag.
1226 4208 1259 4260 71
1280 4210 1308 4261 et
1327 4207 1364 4261 97
1377 4211 1404 4260 et
1417 4222 1496 4275 prae«

367 4295 446 4346 terea
458 4294 498 4347 De
512 4308 551 4346 or.
566 4294 586 4358 1,
606 4293 665 4346 101.
679 4294 709 4360 ll,
729 4293 796 4360 20&
814 4293 888 4347 Part.
903 4309 942 4346 or.
956 4293 999 4360 71),
1019 4292 1122 4360 quibua
1134 4293 1170 4346 de
1182 4292 1253 4345 locis
1267 4292 1364 4346 statim
1378 4291 1493 4360 amplius

367 4377 435 4429 mihi
455 4378 506 4431 erit
524 4379 670 4446 agendum.

457 4464 477 4532 ²)
498 4464 538 4518 Cf.
552 4463 636 4517 huius
656 4464 722 4517 diss.
737 4479 799 4532 pag.
814 4464 850 4516 98
869 4468 926 4518 not.
940 4464 965 4517 4.
