3270 5250
149 557 239 644 [313]
485 568 524 621 De
544 567 783 623 Pseudo-Luciam
801 569 959 625 Amoribus.
1240 566 1282 629 51

147 736 316 802 diversum
342 757 413 802 esse
438 738 477 801 ab
500 739 563 802 illis
586 740 759 822 percipiet;
788 761 864 804 nam
888 742 1029 806 concinit
1059 761 1133 805 oum
1155 740 1284 805 Eroti-

148 860 280 904 oorum
305 843 366 924 qui
389 841 542 906 dicuntur
563 861 704 924 genere
727 842 884 908 dioendi
908 845 1145 927 elegantiore
1169 849 1284 927 atque

146 945 423 1026 exquisitiore.
456 943 611 1027 Adeoque
639 950 687 1008 est
715 949 807 1028 quasi
829 947 967 1012 refertus
996 947 1159 1012 vocabuhs
1186 952 1284 1030 atque

146 1045 370 1110 locutionibus
382 1048 515 1130 poeticis
532 1049 584 1111 hio
596 1047 749 1132 dialogus,
762 1053 799 1114 ut
814 1050 853 1113 ob
866 1051 899 1113 id
912 1051 1018 1132 ipsmn
1029 1050 1135 1114 Lauer
1151 1051 1193 1114 20
1207 1069 1251 1134 sq.
1261 1055 1284 1132 ¹)

146 1151 469 1234 pseudepigraphum
494 1170 567 1214 eum
589 1149 727 1215 duxerit.
751 1152 879 1216 Etenim
906 1153 993 1215 aliud
1015 1153 1146 1217 aooedit.
1175 1153 1285 1218 ‘Amo-

145 1252 248 1317 ribus’
279 1275 355 1318 oum
386 1253 602 1338 ‘Imaginibus'
634 1255 756 1318 collatis
784 1255 867 1320 hano
895 1255 934 1319 de
962 1256 1068 1320 hiatus
1096 1259 1284 1340 quaestione

146 1374 311 1420 summam
340 1362 532 1421 consecutus
556 1362 603 1421 est
626 1360 676 1420 vir
699 1357 811 1422 doctus
835 1361 877 1422 36
894 1378 954 1441 sq:
981 1360 1283 1443 diligentissime

146 1460 325 1523 evitatur
356 1460 483 1522 hiatus
510 1461 549 1523 in
578 1461 672 1543 illis,
701 1464 855 1546 saepius
887 1465 926 1525 iu
957 1463 1017 1526 his
1049 1465 1285 1547 reperitur.²)

146 1559 372 1626 Nihilominus
391 1563 471 1626 haeo
489 1563 522 1625 in
541 1564 623 1627 libro
640 1566 752 1629 aetatis
767 1567 990 1650 imperatoriae
1010 1567 1191 1630 difficiliora
1210 1573 1286 1632 sunt

147 1663 332 1731 diiudioatu
344 1667 381 1747 3),
400 1670 437 1728 ut
451 1672 580 1749 propter
596 1687 635 1731 ea
650 1669 717 1732 sola
734 1668 893 1752 dialogum
912 1669 1060 1752 spurium
1076 1670 1182 1734 dioere
1200 1671 1286 1734 haud

147 1767 192 1830 ita
216 1769 357 1833 audeam
382 1788 455 1831 oum
478 1770 556 1832 viris
576 1769 686 1834 doctis
712 1771 901 1855 ignoramus
921 1772 1016 1853 enim,
1040 1792 1119 1835 num
1139 1773 1284 1837 consulto

147 1871 210 1935 alio
236 1874 311 1937 stilo
337 1877 450 1936 auctor
472 1875 520 1936 uti
544 1874 689 1940 voluerit.

242 1976 357 2040 Oerto
382 1975 526 2038 solvetur
545 1978 699 2059 quaestio,
723 1979 751 2040 si
775 1979 892 2043 oertis
917 1975 1031 2040 rebus
1055 1978 1183 2058 nitetur,
1208 1997 1285 2059 qua-

146 2075 192 2140 lia
218 2084 409 2162 argumenta
435 2078 599 2162 praebebit
619 2083 775 2163 prooemii
802 2081 1011 2146 enarrationis
1037 2082 1174 2162 initium,
1199 2082 1284 2161 quod

148 2182 335 2245 exscribam
355 2181 387 2262 (6
406 2201 435 2263 ρ.
452 2182 517 2244 403
535 2200 599 2264 sq.;
624 2181 768 2263 Lycinus
784 2185 881 2265 dicit).
906 2183 970 2246 Ἐπ’
986 2183 1110 2246 Ἰταλίαν
1131 2203 1181 2260 μοι
1197 2187 1284 2247 πλεῖν

149 2284 385 2364 διανοουμένωι
400 2287 619 2361 ταχυναυτοῦν
632 2288 752 2365 ςιιάφος
769 2289 945 2366 εύτρὲπιςτο
960 2285 1083 2348 τούτων
1098 2290 1163 2348 τῶν
1179 2287 1284 2364 δικρό-

148 2405 216 2450 των
238 2389 284 2452 οἷς
309 2387 433 2466 μάλιστα
453 2388 570 2465 χαίρειν
585 2387 729 2466 Λιβυρνοί
750 2393 906 2470 toronen,
925 2389 1019 2452 ἔθνος
1037 2388 1144 2451 Ἰονίωι
1162 2388 1284 2452 κόλπωι

148 2489 448 2569 παρωικιςμὲνον4)·
479 2491 522 2553 ὡς
550 2490 579 2553 b’
600 2491 674 2567 ἐνῆν
704 2493 824 2557 πάντας
854 2482 1040 2571 ἐπιχωρῖους
1068 2493 1161 2555 θεοὺς
1189 2512 1284 2569 προς-

149 2596 286 2673 κυνήςας
305 2596 355 2657 καὶ
372 2593 435 2656 Δία
454 2595 556 2659 ξένιον
574 2595 649 2658 ἵλεω
671 2599 910 2675 ςυνεφάψαςθαι
933 2598 988 2671 τῆς
1008 2593 1175 2671 ἀποδήμου
1197 2613 1284 2670 ςτρα-

147 2699 231 2764 τείας
239 2699 264 2780 ⁵)
287 2696 547 2773 ἑπικαλεςάμενος
570 2695 623 2759 ἀπ’
644 2694 752 2760 ἄςτεος
772 2697 878 2776 ὀρικῶι
895 2697 992 2771 ζεύγει
1014 2697 1146 2772 κατήιειν
1163 2695 1211 2758 ἐπὶ
1228 2694 1284 2757 θά-

149 2801 282 2866 λαςςαν·
297 2796 361 2863 εἶτα
372 2800 448 2861 τοὺς
457 2800 725 2876 παραπέμποντάς
738 2821 774 2877 με
784 2795 1063 2877 δεξιωςάμενος--Ι
1072 2798 1235 2875 ἠκολούθει
1248 2801 1284 2861 δὲ

146 2905 293 2968 παιδείας
311 2903 443 2981 λιπαρὴς
461 2900 587 2982 ὄχλοςῡ)
605 2903 634 2965 οἳ
653 2906 778 2980 ςυνεχὲς
797 2903 866 2980 ἡμῖν
884 2902 1128 2979 ἐντυγχάνοντες
1146 2901 1284 2976 ἀνιαρῶς

148 3006 369 3081 διεζεύγνυντο
386 3041 429 3051 -
445 3009 501 3081 τῆς
516 3005 657 3083 πρύμνης
673 3008 754 3079 γοῦν
779 3005 885 3083 ἐπιβὰς
905 3005 995 3079 ἐγγὺς
1011 3002 1147 3080 ἐμαυτὸν
1169 3005 1284 3078 ‘theuto

246 3176 266 3244 ¹)
285 3175 362 3229 Idem
381 3190 457 3228 nuno
477 3175 562 3229 sentit
581 3176 660 3228 Helm
679 3177 696 3229 l.
710 3176 728 3228 l.

244 3261 266 3330 ἓ)
285 3261 479 3326 Nummorum,
499 3276 570 3329 quos
594 3260 706 3328 saepius
725 3260 821 3313 inveni
841 3260 870 3313 in
893 3259 1062 3327 amoribus,
1088 3259 1284 3327 quaestionem

147 3346 356 3417 praetermitto,
376 3361 447 3411 oum,
467 3345 608 3412 quomodo
627 3345 657 3398 in
669 3345 794 3400 Luciano
808 3345 870 3414 ipso
884 3362 914 3399 se
928 3345 1039 3411 habeat,
1053 3344 1145 3399 adhuc
1159 3344 1284 3400 nondum

148 3435 189 3489 sit
209 3432 392 3501 disputatum.

244 3517 265 3585 ³)
278 3516 375 3580 Nemo,
386 3519 416 3569 ut
429 3517 587 3584 exemplum
598 3515 745 3584 proferam,
754 3515 871 3570 Luciani
881 3515 1006 3569 libellum
1017 3530 1089 3581 euru,
1101 3516 1148 3585 qui
1159 3513 1224 3580 περὶ
1233 3518 1285 3580 τῆς

149 3601 257 3669 Συρίας
272 3605 340 3654 θεοῦ
355 3600 526 3668 inscribitur,
547 3601 674 3669 spurium
694 3601 784 3668 ducet,
803 3605 952 3669 propterea
966 3600 1040 3668 quod
1053 3600 1174 3654 dialecto
1188 3599 1284 3654 Ionica

147 3687 332 3755 conscriptus
352 3689 395 3739 est
414 3687 491 3740 solus
511 3703 546 3740 ex
564 3685 725 3751 Lucianeis;
746 3685 780 3738 de
799 3685 862 3753 ipsa
881 3703 910 3740 re
931 3689 1005 3740 certe
1026 3701 1084 3738 non
1103 3683 1234 3738 iudicavi.

244 3772 268 3841 ⁴)
287 3772 393 3839 Nabar,
418 3771 552 3825 Mnemos.
568 3771 636 3824 1901
661 3771 746 3824 XXIX
765 3771 815 3824 177
843 3771 984 3840 superflua
1010 3769 1075 3823 addi
1099 3773 1179 3838 putat
1202 3769 1285 3823 ἔθνος

149 3863 222 3926 κτλ.;
244 3873 323 3920 sane,
344 3855 394 3908 sed
413 3857 484 3910 haeo
503 3856 622 3909 rhetoris
637 3860 703 3909 sunt
716 3855 762 3923 qui
777 3855 934 3910 doctrinam
953 3871 1020 3924 prae
1041 3872 1071 3908 se
1086 3856 1139 3910 lert
1155 3852 1283 3923 (Appiam.

148 3943 271 4016 lllyr.1l;
293 3941 349 3994 alia
363 3940 441 3994 dabit
455 3941 483 3994 C.
498 3941 573 4009 Torr,
593 3940 712 3994 Ancient
725 3940 811 4009 ships,
827 3942 904 4009 1894,
919 3940 970 4009 16).
991 3941 1052 4008 lpse
1065 3941 1108 3994 vir
1122 3941 1220 3994 doctus
1239 3938 1283 3992 l.l.

151 4031 188 4086 ad
207 4028 275 4099 §10
294 4025 373 4078 ‘mire
393 4025 468 4080 dicta
488 4042 549 4080 esse
570 4025 627 4079 alia
645 4027 734 4079 multa
752 4025 782 4078 in
800 4027 855 4081 hoo
876 4025 1020 4096 opusculo'
1038 4041 1097 4080 non
1116 4025 1177 4079 siue
1197 4037 1285 4078 causa

148 4116 274 4181 monuit;
289 4127 356 4180 ergo
370 4110 465 4165 stilum
478 4113 668 4177 observemus²
679 4127 769 4178 neque
781 4111 977 4167 addubitemus
990 4127 1081 4180 neque
1095 4109 1284 4166 emendemus

245 4198 266 4267 ὓ)
293 4195 371 4263 Quae
399 4212 454 4249 vox
479 4196 617 4250 inusitata
642 4201 685 4251 est
711 4199 926 4267 conservanda;
957 4213 1016 4250 non
1042 4215 1106 4252 cum
1136 4195 1246 4250 Nabero
1267 4194 1284 4248 l.

147 4286 257 4356 πορεία
277 4281 493 4336 emendandum.
518 4283 548 4335 B.
562 4281 623 4334 Keil
643 4282 761 4335 contulit
780 4284 949 4339 vocabulum
967 4297 1169 4352 neo-graecum
1187 4275 1284 4331 ταὶίδι.

245 4371 265 4439 6)
275 4369 410 4422 Nostrum
420 4368 488 4419 ‘aiae
497 4367 567 4419 belle
576 4367 777 4418 Kinderscbor'
786 4369 831 4423 vel
841 4370 894 4422 ‘die
904 4369 970 4422 lioba
980 4365 1187 4438 Sobuljupead’3
1199 4361 1286 4416 etiam

146 4454 341 4513 adulescentia
362 4454 389 4503 et
401 4453 528 4503 iuventas
547 4450 646 4504 eadem
664 4449 692 4502 vi
712 4455 795 4518 atque
809 4454 1012 4522 significatione
1031 4455 1210 4524 usurpantur.
