3270 5250
774 476 901 531 Robert
920 475 1038 543 Bloch,
1382 460 1476 546 [312]

816 1113 918 1197 Caput
940 1111 996 1175 IV.

659 1257 716 1321 Du
740 1255 919 1321 DIALOGI
943 1254 1149 1320 AUCTORE.

455 1404 484 1484 a)
507 1402 667 1467 Luoiani
691 1420 766 1464 non
790 1418 873 1464 5555
896 1399 1074 1462 libellum
1097 1399 1278 1479 sequitur
1302 1415 1356 1460 ex.

744 1542 770 1596 l.
789 1555 907 1609 genere
928 1539 1060 1594 dicendi.

431 1670 577 1747 Quonam
592 1671 662 1733 iuro
680 1669 797 1751 dialogi
813 1674 976 1732 auctorem
992 1667 1346 1732 Pseudo-Lucienum
1365 1666 1475 1728 adhuo

341 1774 576 1838 nominaverint
599 1773 778 1854 quaeritur,
804 1772 863 1836 etsi
879 1773 966 1836 enim
986 1770 1021 1834 0.
1037 1771 1184 1853 Treuber,
1205 1769 1399 1834 Gesohiohte
1416 1769 1477 1832 der

340 1878 460 1960 Lykier
483 1876 594 1957 (1887)
619 1876 716 1955 2131
748 1875 782 1936 15
813 1893 851 1937 55
880 1879 955 1957 erat,
984 1876 1021 1937 ut
1047 1874 1135 1937 litem
1160 1871 1339 1953 dirimeret,
1364 1877 1475 1935 tamen

341 1980 381 2044 ad
400 1981 461 2044 hoo
476 1985 603 2060 tempus
619 1981 694 2039 sunt
713 1977 769 2058 qui
785 1977 963 2058 genuinum
982 1977 1019 2057 a),
1039 1977 1115 2038 sunt
1134 1977 1190 2058 qui
1211 1975 1358 2057 spurium
1382 1975 1414 2054 b)
1437 1974 1476 2035 li-

340 2083 461 2147 bellum
485 2099 554 2146 esse
576 2079 769 2160 iudicent¹):

595 2193 622 2260 5)
1185 2194 1212 2262 b)

340 2279 447 2333 Brandt
465 2279 502 2332 ad
521 2276 875 2346 01111.511.51551.11681;
930 2278 1032 2346 Naber,
1058 2281 1088 2332 ut
1106 2277 1225 2349 videtur,
1250 2281 1386 2335 Mnemos.
1402 2279 1473 2332 1901

340 2363 546 2431 Dittenberger,
574 2361 630 2415 nisi
657 2361 746 2428 fallor,
767 2361 811 2416 01,
832 2363 876 2417 Gr.
967 2363 1052 2416 XXIX
1072 2363 1136 2429 177;

501 2448 584 2501 15551.
600 2446 648 2499 551.
662 2446 697 2499 66
720 2446 741 2515 (Ι
760 2463 785 2514 p.
801 2445 876 2516 118),
932 2447 1042 2513 Meiser,
1061 2448 1121 2501 Ber.
1132 2447 1157 2500 d.
1168 2447 1472 2519 kgl.bayer.Akadem.

339 2533 380 2586 W.
395 2531 483 2597 Klein,
504 2530 878 2599 Geseh.d.griech.Kunstll
967 2531 1148 2600 philos-phil.
1173 2531 1212 2586 Cl.
1235 2533 1314 2600 1904,
1343 2534 1394 2588 191
1415 2549 1471 2601 55.;

500 2617 589 2685 (1905)
608 2617 675 2682 toth
969 2617 1047 2685 1905,
1068 2616 1119 2669 139
1133 2632 1181 2685 sq,
1195 2618 1244 2671 551.
1259 2618 1307 2672 5111
1324 2617 1474 2672 ‘amorum'

340 2703 371 2755 H.
390 2701 506 2769 Binder,
536 2702 587 2755 Dio
611 2701 827 2770 Chrysostomus
850 2719 876 2756 u.
968 2703 1139 2756 mentionem
1158 2702 1243 2769 facit;

501 2786 669 2841 Posidonius
687 2789 776 2858 (1905)
790 2789 832 2856 61,
844 2811 876 2844 aa.
933 2787 1033 2855 Christ,
1044 2786 1453 2856 05551111.311551111147775
1464 2804 1472 2854 ;

931 2874 963 2926 R.
977 2874 1065 2940 Helm,
1085 2872 1193 2926 Lucian
1210 2888 1236 2924 u.
1251 2871 1364 2939 Menipp
1379 2869 1473 2940 (1906)

969 2958 1023 3012 354
1033 2974 1072 3026 sq.

432 3056 483 3119 Ad
501 3057 721 3137 quaestionem
738 3056 976 3121 diiudicandam
992 3077 1066 3120 oum
1085 3057 1119 3119 15
1138 3057 1253 3120 verba
1272 3060 1342 3118 tum
1358 3057 1392 3118 in
1412 3073 1471 3119 155

341 3158 434 3221 nobis
456 3158 685 3240 inquirendum
709 3164 765 3222 551.

431 3263 540 3343 Atque
557 3261 595 3325 de
615 3262 677 3324 illis
695 3263 760 3325 iam
775 3261 991 3343 Bourdelot2),
1017 3264 1073 3344 qui
1091 3265 1214 3345 primus
1235 3263 1398 3344 dialogum
1417 3261 1471 3324 ad-

342 3362 503 3427 dubitasse
528 3363 657 3427 videtur
675 3365 755 3428 haeo
778 3365 903 3426 statuit:
930 3364 1013 3428 ‘Nou
1036 3387 1096 3430 5555
1114 3365 1251 3430 Luctaat
1269 3366 1322 3430 sed
1340 3366 1472 3429 51155115

342 3467 396 3550 qui
423 3465 600 3529 Luctantem
630 3469 832 3550 supervixerit
861 3467 928 3548 (551.
954 3467 1128 3550 dialogum)
1158 3471 1222 3532 iam
1250 3471 1357 3532 monui
1379 3488 1471 3552 proe-

342 3567 460 3650 fotiooe
479 3569 521 3632 od
541 3569 677 3633 lectorem
696 3568 880 3652 (dialogum
899 3589 1039 3632 amorem
1061 3591 1127 3634 555
1151 3589 1221 3634 5555
1240 3570 1377 3634 Lueiani
1400 3588 1471 3652 pro-

343 3669 527 3752 habimus),
556 3672 677 3736 uidetur
699 3693 759 3736 5555
782 3673 975 3737 Aristeaett'.
1005 3672 1105 3736 Cuius
1128 3675 1176 3736 rei
1199 3678 1390 3756 argumenta
1413 3671 1472 3734 etsi

342 3774 464 3838 leviora
480 3775 575 3838 511511
590 3795 686 3856 quarn
701 3782 738 3839 ut
750 3794 1004 3857 commemorem,
1021 3780 1128 3840 tamen
1145 3776 1231 3838 haud
1245 3777 1358 3858 inepte
1375 3775 1474 3839 sensit

343 3879 394 3940 vir
409 3877 529 3941 doetus
546 3878 680 3942 Luciani
694 3879 778 3942 enim
797 3881 914 3962 scripta
931 3881 1074 3942 omnium
1090 3899 1251 3944 consensu
1267 3880 1401 3963 probata
1417 3877 1472 3960 qui

343 3980 514 4062 perlegerit
527 3986 645 4045 etcum
656 3983 757 4045 nostri
768 3982 869 4046 libelli
882 4001 1028 4045 sermone
1042 3983 1220 4062 contulerit,
1233 3983 1366 4046 ‘stilum'
1380 3982 1472 4065 plane

439 4118 458 4186 ¹)
477 4119 515 4171 De
535 4118 658 4172 virorum
672 4119 824 4188 doctorum,
843 4119 890 4187 qui
909 4122 975 4172 ante
995 4119 1184 4172 annum1899
1201 4119 1256 4173 1155
1274 4120 1304 4172 15
1322 4136 1353 4173 15
1369 4117 1473 4173 versati

346 4204 418 4267 sunt,
438 4201 549 4255 iudiciis
570 4203 603 4255 51.
618 4204 709 4256 Lauer
727 4204 751 4257 3.

436 4287 457 4354 1)
476 4287 545 4340 Edit.
564 4289 678 4342 Lucian.
699 4291 797 4358 (Lutet.
812 4289 898 4343 Paris
915 4289 994 4357 1615)
1017 4293 1074 4342 551.
1089 4306 1114 4357 p.
1129 4291 1163 4343 25
1181 4289 1225 4357 (31
1245 4289 1311 4343 111111
1335 4291 1395 4344 5155
1419 4304 1473 4358 quo

345 4385 412 4422 usus
432 4387 502 4440 sum,
523 4373 571 4426 scl.
586 4373 747 4442 typothetae
766 4373 878 4442 errore).
