3270 5250
784 554 911 610 Robert
930 555 1046 622 Bloch,
1391 545 1477 631 [320]

585 754 617 836 b)
640 753 784 817 Luciano
808 753 974 816 subditum
997 771 1068 817 esse
1091 752 1244 816 libellum.

438 881 600 957 Quaenam
622 878 745 960 dialogo
765 879 814 941 vis
833 879 928 958 atque
949 877 1142 960 significatio
1163 877 1318 960 subesset
1338 878 1399 940 iam
1420 877 1478 939 hu-

347 984 483 1048 nianista
498 982 607 1046 nescio
625 981 697 1063 quis
715 981 864 1063 cognovit
880 981 940 1043 boc
954 979 1112 1043 iudicium
1126 979 1298 1060 faciens1):
1317 978 1478 1043 ‘Ceterum

349 1088 433 1151 haud
453 1087 519 1150 seio
536 1105 577 1147 an
597 1085 648 1147 hic
666 1083 871 1166 philosophos
892 1084 987 1146 tacite
1002 1082 1194 1165 perstringat
1209 1081 1382 1164 Lucienus,
1403 1081 1477 1144 dum

347 1190 548 1274 paederastas
564 1205 635 1250 esse
651 1186 727 1250 solis
745 1186 808 1248 illis
825 1185 1004 1268 permittit’3
1027 1185 1106 1248 baec
1122 1185 1236 1268 opinor
1250 1186 1478 1268 interpretatus

348 1293 402 1356 ille
415 1296 462 1355 est
471 1292 525 1372 (54
536 1291 709 1373 p.457sq.):
724 1289 810 1366 Ἐμοὶ
823 1291 878 1366 μὲν
890 1287 993 1351 οὕτως
1004 1291 1217 1366 παιδεραςτεῑν
1226 1290 1358 1368 γένοιτο,
1366 1308 1478 1365 μετεω-

349 1395 490 1472 ρολὲςχαι
518 1395 553 1456 δὲ
577 1394 626 1455 καὶ
650 1391 717 1455 ὅςοι
739 1393 797 1468 τὴν
821 1392 1009 1469 φιλοςοφίας
1032 1389 1139 1468 ὀφρὺν
1163 1391 1241 1469 ὑπὲρ
1266 1389 1382 1453 αὐτοὺς
1405 1391 1479 1452 τοὺς

349 1497 531 1576 κροτάφους
549 1495 737 1572 ὑπερήμκαςι
757 1497 879 1572 ςεμνάιν
899 1492 1070 1569 ὀνομάτων
1089 1493 1284 1570 κομψεύμαςι
1302 1493 1378 1555 τοὺς
1403 1492 1478 1568 ἀμα-

349 1605 411 1664 θεῑς
427 1600 690 1677 ποιμαινὲτωςαν·
710 1596 858 1674 ἐρωτικὸς
874 1598 934 1672 γὰρ
956 1596 1003 1676 ἠν,
1023 1595 1110 1674 εἴπερ
1129 1616 1173 1658 τις
1196 1597 1246 1658 καὶ
1267 1595 1285 1657 ὁ
1308 1594 1479 1672 Σωκράτης

349 1707 398 1768 καὶ
429 1705 492 1767 ὑπὸ
526 1706 596 1782 μίαν
630 1702 817 1780 Ἀλκιβιάδη(
849 1700 946 1763 αὐτώι
979 1702 1113 1777 χλανίδα
1145 1700 1254 1763 κλιθεὶς
1288 1698 1346 1761 οὐκ
1380 1697 1479 1774 ἀπλήξ

349 1808 499 1890 άνὲςτηῖ).
523 1809 572 1870 καὶ
588 1809 628 1884 μή
646 1806 821 1886 θαυμάςηις,
841 1803 917 1867 οὐδὲ
932 1804 992 1881 γὰρ
1011 1803 1029 1866 ὁ
1045 1802 1232 1879 Πάτροκλος
1248 1801 1301 1864 ὑπ’
1318 1801 1479 1879 Ἀχιλλέως

349 1912 490 1988 ἠγαπᾶτο
508 1911 596 1989 μέχρι
610 1913 668 1972 τοῦ
686 1910 734 1971 καὶ
750 1907 876 1985 ἀντικρὺ
893 1909 1073 1972 καθέζεςθαι
1082 1907 1118 1987 ³),
1143 1954 1149 1967 .
1167 1955 1173 1967 .
1191 1955 1196 1967 .
1215 1904 1280 1968 ἀλλ’
1297 1902 1338 1980 ἠν
1358 1906 1408 1965 καὶ
1425 1906 1480 1980 τῆς

350 2012 478 2077 ἐκείνων
491 2013 593 2092 φιλίας
610 2015 716 2089 μεςῑτις
733 2010 833 2087 ἡδονή
840 2010 880 2095 ⁴)·
898 2011 1015 2073 ςτὲνων
1030 2013 1110 2084 χοῡν
1123 2009 1273 2087 Ἀχιλλεὺς
1284 2009 1341 2071 τὸν
1353 2005 1479 2084 Πατρό-

349 2117 425 2178 κλου
439 2116 576 2178 θάνατον
590 2111 774 2190 ἀταμιεύτωι
787 2113 878 2175 πάθει
894 2113 975 2189 πρὸς
986 2113 1044 2188 τήν
1061 2112 1208 2188 ἀλήθειαν
1221 2109 1383 2188 ἀπερράχη
1392 2110 1415 2188 ⁵)
1427 2128 1432 2140 ·
1442 2158 1447 2170 .
1458 2158 1479 2170 ..

348 2218 423 2282 roric
444 2239 480 2294 γε
505 2218 565 2294 μὴν
589 2215 845 2293 ὀνομαζομένους
868 2214 942 2292 παρ’
954 2213 1076 2292 Ἕλληςι
1100 2213 1262 2291 κωμαςτάς
1286 2211 1383 2275 οίιδὲν
1409 2210 1479 2274 ἀλλ’

349 2323 368 2398 ἢ
394 2323 508 2399 δήλους
536 2318 698 2399 ἐραςτὰςί)
726 2319 851 2396 νομίζω.
882 2318 976 2396 τάχα
1004 2318 1111 2396 φήςει
1140 2335 1194 2378 τις
1224 2314 1355 2393 αίςχρὰ
1378 2313 1479 2376 ταῦτ’

350 2502 468 2567 excepto
487 2497 562 2551 ‘stili’
581 2499 747 2565 argumento
766 2496 830 2550 ideo
849 2494 1121 2563 pseudepigraphum
1140 2492 1282 2561 dialogum
1301 2491 1389 2558 duxit,
1407 2491 1480 2560 quod

349 2584 492 2638 Lucienus
510 2583 541 2636 in
560 2581 671 2649 dialogo
691 2597 733 2648 co,
754 2580 801 2648 qui
815 2580 977 2634 inscribitur
991 2579 1043 2633 Δὶς
1056 2576 1307 2644 κατηγορούμενος
1319 2576 1384 2645 (27),
1405 2575 1480 2629 aliud

351 2669 399 2724 dat
424 2667 600 2721 itinerarium
626 2671 710 2735 atque
736 2665 766 2718 in
792 2665 954 2719 ‘amoribus’
976 2665 1103 2732 legimus.
1131 2663 1227 2730 Neque
1250 2677 1319 2714 vero
1342 2662 1479 2715 hocloco

349 2754 438 2808 vitam
461 2752 633 2806 describeret
659 2751 813 2820 oportebat,
840 2767 903 2804 cum
923 2751 971 2803 illo
997 2749 1093 2802 libello
1117 2764 1147 2800 se
1167 2746 1227 2814 ipse
1247 2746 1349 2814 Syrum
1372 2745 1479 2800 faciens

350 2839 422 2893 haec
435 2838 470 2891 de
480 2837 656 2904 ‘Puroprnqr'
666 2835 829 2890 narratione
844 2835 1038 2888 confiteatur·
1048 2833 1140 2886 πάντα
1153 2833 1206 2896 γάρ
1222 2831 1313 2883 δπόςα
1327 2830 1478 2896 διηγήςατο

350 2921 416 2987 περὶ
436 2923 506 2986 ἐμοῦ
527 2923 634 2986 ἀληθῆ
656 2921 725 2971 ὄντα
749 2920 901 2985 διηγήςατο
925 2918 987 2987 (30).
1021 2919 1061 2971 De
1081 2917 1142 2984 ipso
1166 2916 1313 2970 itinerario
1339 2916 1373 2969 cf.
1389 2915 1476 2969 Strab.

350 3008 410 3062 XIV
423 3007 474 3061 651
494 3007 619 3076 (Lucian.
632 3005 718 3073 navig
737 3004 823 3074 7sq.).

446 3093 462 3161 ¹)
480 3091 596 3146 Lucian.
610 3091 651 3144 ed.
667 3090 818 3143 Bourdclct
836 3091 990 3156 argument.
1005 3105 1031 3156 p.
1042 3089 1102 3142 557.

442 3176 463 3244 l)
483 3177 558 3229 Haec
578 3175 775 3230 Callicratidae
795 3173 1018 3242 perstringuntur
1035 3173 1080 3241 (49
1093 3189 1118 3240 p.
1130 3172 1193 3235 452)
1216 3175 1257 3224 δεῖ
1277 3173 1308 3223 δὲ
1326 3175 1387 3223 των
1406 3170 1479 3222 νέων

352 3263 420 3327 ἐμάν
446 3262 485 3313 ὡς
504 3259 677 3326 Ἀλκιβιάδου
703 3261 865 3328 Σωκράτης,
894 3259 925 3311 ὃς
947 3259 1004 3310 ὑπὸ
1034 3261 1091 3322 μιάι
1113 3255 1220 3320 χλανίδι
1243 3257 1354 3322 πατρὸς
1372 3256 1480 3307 ὕπνους

352 3346 499 3412 ἐκοιμήθη.

442 3430 464 3498 ³)
478 3429 607 3498 Sequitur
620 3430 649 3482 11.
658 3430 693 3482 IX
703 3428 833 3483 versl91
848 3428 977 3481 consulto
987 3426 1122 3496 repetitus
1137 3441 1171 3479 ex
1181 3425 1327 3494 prooemio
1340 3425 1368 3494 (5
1378 3423 1479 3493 paor).

443 3514 463 3584 ⁴)
483 3514 678 3568 Callicratidas
703 3513 747 3582 (47
761 3513 861 3582 pleb)
881 3511 1075 3580 Apollinem
1099 3511 1186 3563 fuisse
1212 3510 1352 3576 μεςίτην
1375 3508 1480 3564 Orestis

353 3605 381 3656 et
398 3599 512 3669 Pyladis
531 3603 633 3651 παθῶν
654 3599 751 3652 statuit
758 3617 764 3665 ;
785 3597 927 3652 Charicles
947 3594 1060 3649 ἑςτίαν
1078 3595 1190 3649 vocavit
1210 3594 1255 3662 (27
1269 3612 1294 3663 p.
1305 3595 1369 3662 427)
1389 3593 1481 3660 φιλίας

356 3688 496 3752 μεςῑτιν;
518 3684 601 3738 ambo
620 3684 703 3753 igitur
722 3684 857 3738 ridentur.
872 3681 999 3749 —Quod
1019 3681 1118 3735 eadem
1136 3681 1277 3734 vocabula
1296 3684 1381 3749 atque
1401 3695 1480 3747 argu-

352 3773 449 3824 menta
467 3769 543 3823 haud
566 3785 631 3822 raro
651 3772 679 3821 et
697 3769 733 3822 ab
752 3771 870 3836 utroque
895 3766 1058 3822 adversario
1083 3770 1110 3819 et
1129 3782 1146 3819 a
1165 3764 1257 3819 iudice
1284 3764 1416 3832 usurpari
1441 3762 1479 3815 vi-

353 3855 454 3921 dimus,
465 3855 534 3907 nihil
546 3852 713 3922 perspicitur
726 3853 782 3906 nisi
793 3853 899 3907 Graeca
909 3852 957 3905 illa
968 3849 1102 3918 ἁρμονίας
1113 3853 1143 3904 ut
1157 3849 1231 3903 enim
1245 3849 1342 3917 templi
1354 3849 1479 3914 ἐναιέτια,

352 3940 394 3994 ita
420 3939 524 4006 dialogi
549 3940 644 4006 partes
670 3938 744 3991 inter
770 3954 799 3991 se
823 3936 1010 4006 respondent;
1036 3935 1141 4003 pariter
1166 3933 1283 4002 legimus
1308 3935 1348 3987 ‘ut
1374 3933 1481 4002 pictura

353 4025 465 4093 poesis'.

445 4108 466 4176 ⁶)
486 4099 617 4174 Sequitur
630 4123 729 4161 versus
739 4107 814 4160 haud
830 4107 913 4161 dubie
924 4123 959 4159 ex
965 4105 1097 4174 Aeschyli
1107 4103 1329 4174 Myrmidonibus
1340 4106 1481 4170 sumptus;

354 4191 390 4246 cf.
406 4191 485 4245 TGF¹
502 4192 682 4260 ratpald.

446 4276 466 4344 ⁶)
485 4276 585 4342 Nabar,
611 4276 745 4330 Mnemos
761 4276 829 4329 1901
847 4277 931 4329 XXlX
951 4275 1002 4329 189
1024 4276 1096 4328 haec
1122 4290 1179 4327 non
1204 4273 1357 4342 intellegit;
1391 4287 1482 4326 meros

355 4360 479 4414 amasios
493 4376 556 4413 esse
570 4376 626 4426 eos
648 4377 717 4430 quos
731 4364 832 4414 vocent
846 4361 1082 4430 comissatores
1100 4358 1175 4412 dicit.
1205 4357 1324 4412 Constat
1337 4357 1413 4410 enim
1426 4370 1482 4409 non
1528 4421 1536 4432 Ι

356 4460 454 4497 omnes
480 4445 628 4508 capocrate
653 4461 716 4498 esse
736 4446 861 4512 ἐραςτάς,
886 4446 936 4498 sed
956 4445 1072 4510 ἐραςτάς
1091 4443 1182 4496 solere
1206 4443 1355 4507 κωμάζειν,
1388 4442 1482 4508 ltaque
