3270 5250
368 509 409 570 10
795 513 925 568 Robert
944 514 1063 582 Bloch,
1412 507 1494 594 [272]

365 685 528 750 lensorem
554 685 719 768 praedicat
741 686 822 768 (30);
851 691 922 748 tum
950 685 1109 749 ‘Phaedri'
1139 685 1299 749 Platonici
1327 687 1493 769 imaginem

364 788 452 851 illam
470 787 623 851 memoria
640 787 821 869 recolens1)
844 787 911 869 (31)
934 788 974 850 ad
992 805 1134 852 amorem
1156 789 1317 871 puerilem
1336 790 1493 872 explican-

365 890 443 953 dum
462 891 584 954 transit.
609 890 802 973 Cupidinem
818 891 904 954 enim
925 891 1070 956 ordinem
1091 893 1258 955 hominum
1274 897 1371 973 atque
1391 911 1492 956 rorum

364 995 514 1058 statuisse
538 995 604 1076 (32)
627 1013 801 1076 veramque
831 979 1034 1072 ἀνθρωιιίνην
1062 994 1156 1074 φύειν
1180 994 1361 1058 detexisse:
1391 996 1492 1058 matri-

364 1098 509 1161 monium
527 1097 608 1161 illud
628 1097 758 1178 quidem
779 1101 928 1174 διαδοχῆς
947 1099 1038 1161 ἕνεκα
1057 1099 1276 1162 necessarium
1297 1116 1377 1180 esse,
1397 1118 1492 1162 unum

364 1219 505 1264 amorem
529 1219 702 1283 puerorum
721 1199 916 1283 respondere
940 1201 1107 1264 hominum
1125 1203 1226 1265 menti
1249 1201 1492 1283 philosophicae.

365 1303 436 1379 Quo
452 1303 523 1366 illos
540 1323 581 1367 ex
598 1308 682 1366 statu
697 1303 771 1366 rudi
787 1308 884 1385 atque
902 1304 1029 1368 incultu
1048 1305 1087 1368 ad
1108 1323 1214 1368 mores
1232 1303 1383 1368 meliores
1403 1309 1491 1388 atque

364 1409 598 1473 emendatiores
622 1409 740 1471 sensim
761 1407 934 1489 perductos
958 1427 1036 1472 esse.
1071 1408 1168 1471 initio
1186 1408 1286 1490 igitur
1308 1407 1410 1471 fuisse
1433 1427 1492 1471 ma·

364 1512 551 1575 trimonium
574 1517 671 1594 atque
693 1530 835 1574 amorem
854 1513 1028 1594 vulgarem,
1051 1517 1162 1596 postea
1184 1512 1326 1576 evasisse
1351 1515 1493 1587 παιδερα-

365 1617 568 1696 (sinuatque
592 1634 733 1678 amorem
757 1615 943 1694 caelestem3
973 1615 1136 1698 duplicem
1164 1616 1251 1678 enim
1280 1633 1352 1678 esse
1378 1613 1493 1690 inustor

364 1722 510 1780 naturam
534 1718 700 1800 (33—36).
735 1716 821 1780 Loco
849 1716 904 1779 illo
929 1718 1002 1779 trito
1032 1721 1064 1781 et
1091 1718 1281 1799 pertractato
1311 1718 1379 1798 (37)
1407 1715 1493 1778 femi·

364 1840 480 1883 narum
496 1820 597 1884 victui
614 1818 786 1883 immodico
802 1821 959 1901 (38-42)
978 1820 1110 1901 opponit
1125 1818 1257 1883 vivendi
1274 1818 1492 1882 condicionem

364 1942 539 2006 puerorum
562 1924 714 1986 eximiam
738 1922 902 2002 (la-45).
937 1923 1023 2006 Ergo
1048 1922 1144 1986 talem
1163 1921 1405 1985 adulescentem
1424 1920 1493 1984 ada·

363 2026 517 2088 mandam
541 2045 619 2108 esse,
643 2030 680 2089 ut
703 2045 779 2090 vera
804 2027 872 2104 βίου
897 2027 1045 2089 κοινωνία
1068 2025 1127 2086 liat
1149 2025 1232 2106 (46);
1258 2024 1356 2086 huius
1381 2023 1493 2086 amoris

366 2129 523 2212 exemplis
551 2132 654 2192 utitur
681 2131 793 2193 aetatis
822 2128 970 2191 heroicae
999 2127 1148 2189 amicitiis
1172 2128 1246 2210 (47).
1282 2125 1399 2207 Neque
1424 2145 1494 2189 eum

362 2251 503 2296 amorem
521 2232 704 2296 habendum
720 2251 790 2297 esse
807 2233 899 2308 ξὲνην
915 2231 1049 2312 τρυφήν,
1065 2231 1122 2293 sed
1138 2231 1172 2294 ἑκ
1188 2233 1341 2308 διαδοχῆς
1357 2249 1375 2292 a
1393 2229 1441 2292 dis
1457 2230 1508 2292 ad.

364 2335 510 2399 homines
537 2337 731 2418 pervenisse.
767 2334 895 2397 Additis
924 2334 964 2397 de
988 2333 1117 2397 Socrate
1145 2334 1246 2396 τόπωι
1273 2333 1341 2415 (48)
1366 2338 1399 2396 et
1422 2353 1494 2396 con·

363 2438 442 2500 vivii
460 2438 617 2501 Platonici
641 2439 787 2503 doctrina
809 2439 864 2501 illa
886 2439 1130 2501 immortalitatis
1150 2439 1251 2500 linem
1268 2437 1349 2499 facit
1369 2437 1494 2500 diceudi

363 2539 582 2604 Callicratidas
606 2542 679 2622 (49).

453 2643 623 2724 Lycinus
647 2643 759 2707 arbitri
783 2662 915 2706 munere
934 2644 1072 2724 iungens
1091 2644 1231 2725 primum
1251 2646 1288 2704 ut
1312 2642 1427 2704 dicunt
1444 2641 1493 2704 lo-

362 2766 438 2820 γου(
461 2749 591 2810 ποιεῖται
614 2748 689 2829 (50),
719 2752 788 2809 tum
812 2744 1094 2826 Callicratidas,
1124 2749 1156 2808 et
1180 2744 1317 2808 Athenis
1342 2744 1491 2808 Graeciae

363 2848 442 2912 urbe
471 2849 678 2912 celeberrima
701 2856 770 2912 orto
794 2852 827 2912 et
851 2850 906 2930 qui
930 2866 1070 2911 amorem
1095 2848 1240 2929 sapiente
1264 2845 1398 2928 dignum
1423 2866 1492 2929 pro·

362 2951 466 3014 fessus
491 2954 540 3034 sit
565 2953 778 3015 assentitur
800 2953 965 3034 (or-52).

452 3054 504 3118 Ad
528 3055 645 3138 dialogi
672 3056 773 3118 linem
797 3056 973 3118 veniamus.
1008 3053 1141 3131 Quaerit
1168 3055 1255 3118 enim
1280 3053 1425 3134 Lycinna
1454 3072 1493 3116 ex

361 3157 581 3238 Theomnesto,
608 3159 686 3241 quid
710 3160 735 3221 si
760 3159 862 3242 ipsius
885 3159 956 3223 loco
975 3159 1091 3223 fuisset
1110 3175 1269 3222 censuros
1291 3158 1400 3221 fuerit.
1432 3157 1493 3221 Hic

362 3278 444 3340 quae
480 3262 629 3343 exposuit
661 3261 822 3324 Charicles
855 3262 1011 3344 (23-24)
1045 3260 1279 3343 quodammodo
1316 3261 1491 3324 confirmat.

362 3359 476 3442 Neque
496 3362 599 3424 solnm
619 3365 724 3441 φιλίαν
741 3365 870 3446 appetit
887 3364 943 3428 sed
963 3365 1014 3428 vel
1033 3365 1173 3428 maxime
1191 3366 1341 3426 παίδων
1366 3384 1492 3427 ευνου-

362 3465 450 3527 (ίαν.
487 3463 616 3527 Mentiri
641 3467 727 3528 enim
752 3485 807 3529 eos
831 3469 887 3548 qui
910 3467 991 3530 illud
1014 3472 1139 3529 tantum
1163 3465 1360 3546 concedant3
1386 3470 1493 3529 contra

361 3566 547 3648 turpissimo
578 3587 685 3632 amore
713 3568 792 3632 tales
820 3569 884 3631 frui
913 3589 1026 3632 verum
1055 3569 1162 3632 dicere
1191 3587 1225 3630 se
1254 3572 1352 3648 atque
1379 3569 1492 3631 iurare.

362 3669 533 3749 Lycinus
552 3672 785 3734 sententiam
805 3691 909 3734 suam
928 3672 1135 3735 refutatam
1155 3689 1237 3734 esse
1256 3671 1492 3754 intellegens

362 3769 403 3832 ad
418 3789 508 3834 sacra
523 3771 683 3836 Herculea
701 3772 796 3835 amici
815 3774 1001 3836 memoriam
1020 3777 1159 3855 revocat,
1178 3778 1216 3835 ut
1234 3774 1379 3836 sermoni
1395 3773 1491 3837 finem

361 3875 504 3956 imponat
525 3876 689 3956 (aa-54).

455 4033 473 4100 ¹)
491 4034 560 4088 Plat.
574 4035 691 4089 Phaedr.
705 4035 793 4101 230d3
814 4036 848 4090 cf.
863 4035 932 4090 Plul.
948 4041 1031 4090 amat.
1046 4037 1065 4102 Ι,
1085 4035 1175 4101 749a3
1196 4038 1322 4090 ceterum
1341 4037 1407 4092 huic
1424 4039 1491 4090 πλα-

361 4116 621 4187 rovicruriquodam
627 4120 711 4173 modo
722 4121 871 4188 respondet
883 4121 1027 4175 Ciceronis
1038 4119 1083 4190 (de
1093 4120 1196 4189 leglll
1208 4119 1490 4191 ‘Marianaquercus’.

818 4410 1032 4418 ——-·-
