3228 5268
333 407 377 461 De
396 407 517 476 Gregorii
537 406 710 462 Nazianzeni
729 408 903 463 orationibus
921 407 1093 464 funebribus.
1237 407 1278 469 23

131 580 174 643 ab
199 579 435 643 Anaximenes
456 576 577 659 diflert,
609 578 694 659 quod
717 580 771 644 hio
794 599 846 644 eas
870 579 1048 644 secundum
1072 586 1190 646 aetates
1215 583 1279 648 dis-

130 687 294 765 posuerat
318 683 372 765 (τὰ
391 683 552 758 πρέποντα
570 684 635 744 ταῑε
654 681 801 764 ἡλικίαιε),
821 683 866 746 ita
884 689 921 746 ut
940 683 973 746 in
992 685 1131 767 pueritia
1148 705 1278 765 εωφρο-

131 784 246 865 εύνηῙ)
258 785 298 847 in
308 783 531 847 adulescentia
540 783 765 861 ἐπιτηδεύματα
775 785 898 868 ἔνδοξα,
911 789 945 850 in
956 791 1058 852 aetate
1068 788 1153 850 virili
1163 788 1278 867 ἀνδρία

129 889 235 966 εοφία
259 886 444 963 δικαιοεύνη
469 885 776 969 demonstrarentur,
801 887 900 953 Stoici
924 889 1101 954 secundum
1126 897 1278 973 quattuor

128 992 209 1055 illas
233 992 378 1054 virtutes
402 990 580 1054 Socraticas
604 991 781 1056 orationem
812 997 1024 1076 componunt:
1054 994 1278 1076 praescribunt

128 1096 226 1159 enim
250 1095 341 1157 hanc
364 1094 571 1177 partitionem
592 1099 719 1176 praeter
743 1095 960 1178 Oomificium,
986 1102 1022 1159 ut
1044 1097 1124 1160 illud
1148 1099 1277 1161 schema

129 1198 242 1279 docet,
269 1197 373 1260 etiam
394 1196 505 1260 Cicero
530 1197 621 1278 (part.
646 1201 722 1258 orat.
747 1198 798 1279 22,
817 1200 875 1261 74:
901 1199 1012 1263 ‘multa
1035 1204 1067 1263 et
1081 1201 1171 1263 varia
1192 1200 1278 1264 facta

128 1301 164 1363 in
198 1300 340 1383 propria
370 1299 526 1361 virtutum
560 1316 679 1380 genera
708 1303 784 1361 sunt
818 1299 1027 1384 digerenda'),
1061 1302 1277 1379 Quintilianus

128 1403 194 1487 (HI
222 1403 337 1484 7,15;
383 1401 427 1464 ‘in
459 1401 582 1483 species
609 1401 766 1464 virtutum
801 1401 979 1487 dividere),
1011 1405 1096 1469 Theo
1128 1405 1278 1489 (Spengel

128 1511 178 1573 rh.
205 1529 253 1592 gr.
280 1507 318 1570 ΙΙ
347 1508 418 1588 110,
450 1508 486 1586 83
520 1507 592 1587 112,
619 1508 655 1569 5:
688 1507 804 1571 “ἔπειτα
831 1509 871 1571 τὰ
899 1507 977 1586 ἔργα
1006 1509 1182 1591 διεξιόντες,
1208 1508 1278 1572 οἷον

129 1612 179 1676 ὅτι
193 1613 235 1690 ἦν
249 1615 410 1691 εώφραιν,
426 1610 594 1686 προλέγειν
608 1611 656 1672 καὶ
672 1611 832 1689 ἐπιφέρειν
849 1611 948 1693 εὐθύς,
965 1613 992 1675 τί
1009 1612 1095 1694 αὐτῷ
1109 1632 1278 1691 εωφρονη-

127 1717 220 1779 τικὸν
246 1715 353 1791 ἔργον
376 1714 556 1792 πέπρακται,
582 1711 701 1789 ὁμοίως
725 1713 774 1776 ἐπὶ
796 1719 861 1777 τῶν
886 1713 990 1778 ἄλλων
1007 1715 1182 1796 ἀρετῶνὟ).

225 1821 346 1898 Atque
371 1815 430 1878 hac
453 1834 489 1878 re
514 1815 548 1877 hi
572 1819 723 1897 quattuor
746 1817 917 1900 scriptores
942 1819 1157 1900 consentiunt,
1191 1818 1276 1900 quod

128 1921 254 1986 docent
280 1939 362 1983 eum
386 1919 440 2000 qui
469 1918 554 1982 bona
583 1925 717 1983 externa
741 1922 857 1985 habeat
883 1921 1080 1985 laudandum
1107 1942 1173 1985 non
1198 1941 1276 2004 esse,

128 2060 202 2110 orat.
219 2057 265 2124 22,
281 2052 339 2121 74),
360 2052 441 2121 ‘quac
461 2052 497 2106 ad
516 2052 651 2122 cuiusque
675 2053 819 2108 virtutis
839 2071 927 2123 genus
1008 2054 1277 2108 accomodabuntur'

127 2142 173 2210 (de
194 2145 319 2194 oratore
340 2138 363 2191 ll
382 2137 426 2204 85,
438 2136 510 2208 345),
530 2137 711 2208 similiterque
726 2138 802 2192 Theo
822 2140 904 2194 docet
922 2139 1062 2205 πράξειε
1080 2138 1134 2191 καὶ
1153 2156 1234 2192 κατα
1241 2157 1276 2206 ρ-

129 2227 280 2292 θώματα
307 2223 455 2284 laudanda
479 2240 541 2277 esse
564 2223 707 2293 (Spengel,
728 2227 768 2279 rh.
788 2241 826 2293 gr.
845 2227 868 2279 ΙΙ
887 2226 990 2295 112,3,
1014 2226 1051 2280 ad
1076 2241 1158 2293 quem
1182 2227 1276 2279 locum

129 2312 163 2366 cl.
185 2311 279 2365 etiam
306 2307 442 2376 Spengel,
463 2310 504 2362 rh.
523 2325 561 2376 gr.
579 2310 602 2362 Il
623 2310 682 2376 110,
698 2311 727 2379 7,
754 2310 802 2364 ubi
825 2311 900 2365 idem
919 2311 1014 2364 rhetor
1033 2309 1113 2365 dicit:
1141 2311 1277 2376 εψυχιιιά

128 2399 164 2449 δέ
185 2395 307 2459 ἀγαθὰ
328 2393 369 2444 τὰ
389 2395 558 2446 επουδαῖα
576 2394 680 2460 ἠθικὰ
698 2395 749 2448 καὶ
770 2395 840 2466 <αἱ>
862 2396 1002 2449 codrot(
1022 2399 1276 2450 ἀκολουθοῦεαι

129 2479 313 2549 πράξεις’),
334 2493 407 2545 quae
427 2479 568 2532 sententia
587 2479 688 2532 iterum
701 2480 859 2534 Stoicorum
876 2483 931 2547 est;
952 2481 986 2534 de
1000 2480 1101 2534 Stoicis
1115 2481 1190 2534 enim
1209 2480 1276 2535 dicit

130 2566 238 2621 Sextus
263 2564 332 2618 adv.
359 2561 445 2615 math.
465 2563 500 2615 Xl
517 2563 553 2616 46
575 2562 619 2632 (=
638 2564 735 2618 Arnim
754 2567 813 2618 te.
832 2565 991 2634 111lr.96):
1017 2565 1061 2619 καί
1080 2565 1115 2631 δι)
1139 2564 1205 2632 περὶ
1226 2566 1276 2631 μὲν

130 2651 251 2716 ψυχὴν
280 2645 356 2701 εἶναί
375 2662 441 2711 φαει
465 2647 515 2700 τὰ(
539 2649 665 2713 ἀρετὰ(
689 2648 733 2702 καὶ
756 2651 817 2702 τὰ(
841 2648 1031 2704 επουδαίαε
1054 2651 1201 2716 πράξειε.

225 2736 247 2806 ¹)
271 2726 458 2798 Σωφροεὺνι]
479 2733 558 2787 laudi
576 2733 715 2802 pueritiae
732 2735 892 2789 attribuitur
911 2735 968 2788 iam
988 2736 1024 2789 ab
1043 2736 1167 2789 Isocrate
1181 2735 1276 2805 (Euag.

129 2822 211 2891 §22),
234 2821 311 2874 item
331 2818 368 2872 ab
387 2817 527 2886 Hyperide
547 2819 678 2888 (epitaph.
690 2820 706 2888 §
719 2820 747 2889 8)
767 2825 795 2874 et
804 2821 1115 2875 Pseudo-Demosthene
1125 2820 1276 2890 (space).

225 2905 249 2976 ³)
275 2904 348 2958 Cum
364 2901 531 2956 Cornificius
545 2907 572 2958 et
585 2904 660 2958 Theo
673 2920 732 2958 non
750 2904 806 2958 nisi
826 2921 889 2959 eam
907 2905 990 2959 huius
1004 2906 1092 2974 partis
1106 2910 1277 2960 structuram

129 2993 376 3057 commemorent,
396 3005 452 3057 qua
478 2988 554 3043 facta
579 2991 735 3044 secundum
758 2992 877 3045 virtutes
904 2992 1099 3060 disponuntur,
1124 2992 1222 3046 Cicero
1250 2995 1277 3046 et

128 3079 335 3148 Quintilianus
350 3075 502 3128 admittunt
520 3076 605 3131 etiam
619 3077 746 3132 ordinem
764 3078 904 3131 factorum
919 3077 1092 3146 temporibus
1105 3077 1276 3131 distinctum.

129 3165 234 3219 Cicero
257 3161 340 3216 enim
361 3159 428 3213 dicit
447 3164 516 3228 part.
531 3178 570 3215 or.
585 3163 627 3230 22,
642 3162 692 3215 74:
712 3162 815 3216 ‘Prima
832 3166 898 3216 sunt
912 3165 1036 3231 externa,
1051 3178 1122 3231 quae
1136 3162 1277 3215 ducuntur

128 3267 147 3304 a
171 3264 284 3318 genere
392 3244 524 3314 deinceps
553 3247 587 3300 de
615 3247 736 3302 fortunis
764 3247 817 3302 erit
847 3251 874 3300 et
904 3248 1085 3301 facultatibus
1118 3246 1276 3300 dicendum.

127 3335 238 3388 Postea
258 3333 297 3386 de
319 3328 448 3397 corporis
466 3329 560 3398 bonis;
585 3331 615 3385 in
634 3331 735 3399 quihus
762 3332 887 3401 quidem,
908 3348 980 3401 quae
999 3332 1131 3385 virtutem
1154 3330 1276 3384 maxime

129 3417 289 3488 significat,
315 3413 449 3468 facillime
469 3414 559 3469 forma
577 3417 719 3470 laudatur.
747 3417 920 3470 Deinde-est
942 3417 978 3470 ad
1000 3417 1075 3469 facta
1096 3415 1275 3483 veniendum,

129 3519 256 3572 quorum
281 3497 436 3553 collocatio
460 3499 561 3568 triplex
587 3504 644 3555 est:
676 3505 733 3554 aut
756 3501 845 3555 enim
870 3504 1057 3569 temporum
1086 3499 1276 3553 servandus

128 3592 181 3641 est
216 3586 322 3652 ordo,
358 3585 408 3636 aut
437 3581 467 3635 in
500 3585 597 3653 primis
626 3585 852 3640 recentissimum
884 3585 1015 3654 quodque
1046 3584 1197 3638 dicendum
1228 3586 1277 3636 aut

128 3674 223 3728 multa
243 3674 275 3725 et
295 3666 381 3722 varia
399 3666 475 3721 lacta
493 3669 523 3723 in
541 3670 655 3739 propria
680 3670 816 3724 virtutum
835 3685 939 3738 genera
958 3674 1025 3724 sunt
1048 3669 1216 3737 digerenda’.
1242 3669 1276 3721 Et

128 3754 386 3826 Quintilianus
405 3751 468 3805 inst.
483 3760 552 3810 orat.
567 3756 603 3809 ΙΙΙ
622 3755 709 3824 7,15:
730 3755 832 3809 ‘Animi
852 3771 962 3823 semper
985 3771 1052 3808 vero
1065 3755 1138 3821 laus,
1156 3754 1276 3807 sednon

128 3859 188 3897 una
216 3858 272 3911 per
302 3841 361 3892 hoc
390 3853 460 3905 opus
489 3841 536 3896 via
564 3841 691 3907 ducitur3
722 3857 845 3909 namque
873 3839 964 3893 alias
995 3837 1123 3894 aetatis
1152 3837 1276 3907 gradus

129 3934 391 3999 gestarumque
411 3940 521 3980 rerum
541 3927 698 3983 ordinem
718 3926 815 3996 sequi
835 3925 991 3992 speciosius
1009 3924 1067 3991 fuit,
1086 3928 1118 3977 ut
1136 3921 1275 3991 inprimis

129 4014 216 4069 annis
237 4011 414 4067 laudaretur
439 4007 556 4083 indoles,
581 4017 641 4067 lum
668 4011 843 4080 disciplinae,
867 4014 933 4078 post
958 4012 1012 4066 hoc
1035 4027 1158 4078 operum,
1185 4008 1276 4062 idest

129 4101 274 4156 factorum
296 4097 493 4162 dictorumque
519 4103 682 4155 contextus:
710 4097 782 4151 alias
808 4098 838 4150 in
863 4098 972 4163 species
996 4097 1131 4150 virtutum
1151 4093 1276 4147 dividere

129 4186 258 4253 laudem,
280 4177 467 4248 fortitudinis,
487 4183 620 4254 iustitiae,
641 4181 842 4249 continentiae,
862 4182 1075 4251 ceterarumque
1101 4196 1135 4234 ac
1160 4177 1275 4246 singulis

130 4273 298 4340 adsignare,
314 4279 392 4335 quae
405 4271 560 4328 secundum
573 4285 714 4342 quamque
728 4286 826 4324 earum
840 4271 919 4335 gesta
933 4272 1022 4324 erunt.
1047 4268 1114 4321 Utra
1133 4265 1169 4318 sit
1182 4268 1276 4318 autem

129 4356 233 4410 harum
253 4353 307 4407 via
330 4346 428 4402 utilior
446 4356 511 4411 etc?
