3228 5268
355 481 397 544 10
789 485 899 538 Xaver
917 485 1036 551 Herm,

352 660 504 742 ipsorum,
529 658 568 721 ad
592 676 672 740 quos
696 657 795 720 oratio
819 656 966 739 pertinet.
1002 654 1093 718 Illam
1117 661 1225 719 autem
1248 661 1381 740 partem,
1410 656 1479 720 dico

351 761 477 825 laudem
503 780 610 824 rerum
634 781 652 822 a
675 759 852 822 maioribus
875 763 1045 841 gestarum,
1068 757 1273 839 Thucydides
1297 759 1406 822 omisit
1424 779 1480 822 sua

352 869 464 947 sponte
477 863 652 927 abscedens
664 862 817 925 aratione
831 861 978 943 tradital)
990 861 1221 942 substituitque
1232 861 1361 924 laudern
1373 861 1479 944 legum

350 967 635 1048 institutorumque
666 965 713 1028 rei
743 964 890 1047 publicae
913 964 1169 1028 Atheniensium.
1205 963 1345 1026 Primam
1374 969 1480 1027 autem

350 1068 438 1132 illam
454 1069 690 1153 epitaphiorum
706 1065 947 1149 dispositionem
962 1064 1053 1128 Plato
1070 1066 1170 1146 auxit
1187 1068 1243 1148 qui
1259 1085 1330 1129 mea
1347 1065 1479 1148 quidem

351 1173 511 1236 sententia
536 1170 766 1253 compositione
788 1167 1010 1231 laudationum
1032 1167 1066 1228 in
1090 1167 1234 1249 singulos
1256 1168 1403 1232 homines
1427 1167 1479 1230 ad-

352 1275 469 1339 ductus
491 1275 592 1338 τόπον
611 1273 751 1337 παιδείατ
768 1272 912 1353 inseruit,
937 1272 982 1335 ita
999 1275 1036 1333 ut
1055 1271 1223 1354 dispositio
1243 1271 1478 1355 epitaphiorum

350 1376 553 1460 publicorum
581 1376 692 1440 eadem
721 1373 872 1438 evaderet
898 1377 994 1456 atque
1023 1372 1246 1437 laudationum
1271 1376 1306 1436 in
1335 1373 1479 1456 singulos

349 1480 535 1560 hominesl).
560 1478 663 1554 Quem
680 1478 781 1540 τόπον
807 1477 902 1539 etiam
926 1476 1111 1559 posterioris
1136 1477 1249 1540 aetatis
1269 1476 1425 1560 epitaphii
1442 1483 1479 1539 ut

349 1581 525 1666 Hyperidis
533 1583 556 1663 8)
580 1587 612 1645 et
634 1581 1019 1662 PseudoDemosthenis4)
1043 1581 1236 1664 exhibent5).
1273 1581 1355 1644 Mihi
1382 1582 1480 1664 igItur

348 1684 478 1749 videtur
501 1684 666 1767 dispositio
694 1683 749 1747 illa
771 1684 1002 1765 laudationum,
1028 1704 1124 1765 quam
1150 1684 1300 1748 Isocratis
1326 1685 1361 1746 in
1383 1684 1479 1748 laude

349 1789 525 1852 Alcibiadis
549 1789 705 1872 praebuit,
730 1795 797 1851 tum
820 1789 855 1850 in
879 1790 1021 1850 omnium
1047 1793 1207 1850 oratorum
1231 1806 1294 1851 usu
1317 1788 1427 1852 fuisse.

439 1891 528 1967 Quae
553 1892 711 1954 sententia
735 1911 772 1954 ea
795 1909 923 1974 quoque
939 1890 1118 1973 reprobari
1137 1891 1215 1953 mihi
1232 1891 1368 1974 videtur,
1393 1891 1479 1974 quod

348 2014 431 2077 quae
444 1995 520 2058 huic
533 1995 630 2058 aetati
642 1994 823 2057 succedunt
833 1994 1033 2057 laudationes
1052 2031 1094 2038 —
1111 1993 1262 2056 Isocratis
1275 1992 1478 2077 ‘Euagoram'

348 2098 420 2161 dico
437 2102 469 2161 et
484 2097 692 2180 ‘Agesilaum’
709 2096 982 2179 Xenophonteum
998 2134 1040 2142 -
1059 2095 1098 2160 ad
1121 2096 1214 2158 istius
1238 2096 1424 2178 exemplum
1440 2097 1477 2158 ab

346 2201 530 2266 auctoribus
548 2204 679 2263 exactae
698 2204 782 2280 sunt,
801 2204 839 2261 ut
858 2198 1090 2282 disposititione
1111 2198 1163 2262 vel
1181 2199 1295 2262 leviter
1311 2200 1478 2262 immutata

286 2379 290 2394 1
345 2304 398 2368 vel
422 2303 617 2387 amplificata
640 2303 737 2366 totius
761 2302 913 2366 orationis
937 2301 1072 2384 digestio
1096 2321 1134 2365 ac
1157 2301 1261 2364 forma
1279 2305 1407 2365 servata
1425 2303 1476 2365 sit.

436 2405 619 2468 Isocratis
662 2405 748 2468 enim
788 2403 1045 2486 ‘Euagoras’⁶)
1085 2403 1170 2467 hanc
1215 2405 1478 2486 compositionem

346 2507 491 2591 praebet:

402 2611 545 2685 1.γὲνοε

400 2716 428 2776 2.
452 2715 569 2789 γένεα(

400 2819 428 2880 3.
453 2816 561 2895 ἀρεταί
584 2820 615 2878 et
637 2816 763 2893 πράξειε

439 2954 458 3023 ¹)
477 2955 599 3024 Thucyd.
613 2957 698 3010 1136:
718 2958 770 3010 ’ὠν
784 2958 840 3021 ἐγὼ
858 2959 894 3010 τὰ
913 2960 962 3023 μὲν
980 2959 1050 3011 κατὰ
1068 2957 1212 3022 πολέμου(
1230 2958 1353 3022 ἔργα...
1370 2975 1474 3024 μακρη-

344 3041 443 3106 γορεῖν
463 3040 497 3092 ἐν
517 3038 644 3093 είδόειν
664 3042 698 3093 οὺ
720 3042 893 3107 βουλόμενοι
913 3043 1003 3096 ἐιίεω’.

436 3123 457 3192 ²)
477 3124 584 3179 Platon.
598 3126 705 3180 Menex.
720 3127 772 3180 237
782 3127 814 3196 Α,
828 3128 863 3182 B:
885 3129 955 3194 ‘thr
975 3127 1153 3192 εὐγένειαν
1171 3127 1222 3179 οῡν
1240 3130 1361 3191 πρῶτον
1379 3128 1475 3181 αὐτῶν

346 3209 575 3279 ἐγκωμιάζωμεν,
594 3211 730 3277 δεύτερον
744 3213 775 3264 δὲ
787 3212 926 3278 τροφήν
939 3228 975 3264 τε
993 3210 1046 3264 καί
1062 3210 1237 3264 παιδείαν·
1259 3211 1304 3264 ἐπί
1319 3214 1350 3265 δὲ
1361 3213 1475 3267 τούτοις

343 3294 406 3361 τήν
430 3299 498 3347 τῶν
522 3296 635 3361 ἔργων
658 3301 783 3362 πρᾶξιν
807 3295 999 3366 ἐπιδείξωμεν,
1024 3299 1064 3350 ὼε
1089 3297 1177 3363 καλὴν
1199 3295 1244 3349 καί
1264 3296 1342 3353 ἀξίαν
1361 3299 1474 3352 τούτων

344 3383 549 3449 ἀπεφήναντο.

434 3470 456 3540 ⁸)
475 3469 491 3537 ἕ
510 3469 540 3522 8:
568 3469 647 3522 ’ἀλλὰ
672 3468 737 3534 περί
761 3472 813 3534 τῆε
836 3467 964 3521 παιδεία(
988 3467 1085 3520 αὐτῶν
1111 3467 1275 3532 ἐπιμνηεθῶ
1304 3467 1350 3520 καί
1377 3469 1417 3521 dat
1445 3469 1474 3521 ἐν

343 3556 433 3622 πολλῇ
455 3553 627 3620 εωφροτὺνῃ
649 3555 745 3605 παῖδε(
765 3553 846 3605 ὄντε(
865 3552 1031 3617 ἑτριίφηεαν
1050 3551 1095 3605 καί
1114 3551 1320 3618 ἐπαιδεύθηεαν
1339 3554 1408 3606 κτλ.’

434 3636 455 3704 ⁴)
474 3636 590 3705 Cl.§27‚
604 3655 676 3707 quae
687 3638 900 3707 dispositionem
914 3638 1006 3692 laudis
1018 3636 1157 3690 continet:
1178 3636 1296 3702 ‘elpqtci
1310 3637 1402 3706 γένοτ,
1413 3653 1473 3690 παι-

343 3720 412 3790 δεία,
422 3727 553 3787 χρηετῶν
564 3723 798 3789 ἐπιτηδευμάτων
810 3724 950 3790 ευνήθεια,
963 3726 1014 3788 τῆ(
1025 3723 1093 3787 δληε
1107 3719 1250 3773 πολιτεία(
1259 3722 1394 3776 ὑπόθεειε
1407 3723 1473 3776 κτλ]

434 3805 454 3875 ⁵)
472 3807 516 3860 Me
535 3823 593 3860 non
611 3807 680 3875 fugit
698 3807 756 3862 iam
775 3809 805 3861 in
818 3808 958 3876 Euripidis
972 3807 1067 3875 Suppl.
1080 3823 1106 3859 ν.
1118 3805 1170 3858 891
1184 3805 1313 3860 παιδείαν
1326 3807 1413 3876 tangi,
1426 3807 1473 3861 ubi

343 3894 426 3960 poeta
444 3894 570 3944 mortuos
589 3892 709 3946 laudans
729 3893 763 3946 de
782 3892 995 3960 Parthenopaeo
1015 3889 1095 3944 dicit:

534 3977 695 4030 παιδεύεται
714 3978 773 4030 κατ’
786 3974 909 4043 Ἀργοε·
931 3975 1082 4042 ἑκτραφεὶε
1101 3976 1125 4029 δ’
1140 3977 1195 4029 ἐκεῖ
1213 3979 1280 4043 κτλ.,

343 4065 370 4116 et
394 4061 425 4114 in
446 4061 672 4129 Pseudo-Lysiae
697 4061 838 4130 epitaphio
864 4061 908 4116 bis
932 4061 1003 4115 haec
1027 4077 1083 4114 vox
1108 4061 1300 4130 metaphorice
1325 4062 1473 4116 adhibetur

342 4147 375 4200 ol.
396 4147 442 4214 §3
462 4150 489 4199 et
508 4146 579 4215 §69⁴
611 4147 707 4214 Neque
726 4163 793 4201 vero
813 4147 887 4215 apud
911 4147 963 4200 hos
982 4147 1072 4201 τόποι
1090 4147 1219 4216 proprius
1240 4147 1413 4202 laudationis
1432 4151 1473 4201 est

341 4249 433 4302 neque
453 4234 528 4301 apud
546 4237 645 4301 poetas
664 4233 772 4302 priores
790 4248 866 4286 nunc
886 4232 1035 4286 invenitur.

433 4316 453 4385 ⁶)
471 4318 515 4370 Me
544 4333 608 4371 cum
636 4317 766 4371 omnibus
793 4319 851 4371 fere
879 4317 947 4371 viris
977 4318 1066 4371 doctis
1099 4316 1259 4371 consentire
1288 4318 1473 4388 ‘Euagoram’,

341 4400 461 4468 primam
473 4401 664 4454 laudationem
678 4401 707 4454 in
721 4403 868 4472 aequalem
882 4402 1039 4456 conlectam
1053 4418 1116 4455 esse
1129 4402 1186 4454 iarn
1200 4401 1362 4470 supradixi.
1383 4401 1474 4472 Cogor
