<?xml version="1.0" encoding="UTF-8"?>
<!DOCTYPE html PUBLIC "-//W3C//DTD XHTML 1.0 Transitional//EN"
    "http://www.w3.org/TR/xhtml1/DTD/xhtml1-transitional.dtd">
<html xmlns="http://www.w3.org/1999/xhtml" xml:lang="en" lang="en">
 <head>
  <title>
</title>
<meta http-equiv="Content-Type" content="text/html;charset=utf-8" />
  <meta name='ocr-system' content='tesseract 3.04.00' />
  <meta name='ocr-capabilities' content='ocr_page ocr_carea ocr_par ocr_line ocrx_word'/>
</head>
<body>
  <div class='ocr_page' id='page_1' title='image "./dissertationesp01unkngoog_0159.png"; bbox 0 0 3240 5258; ppageno 0'>
   <div class='ocr_carea' id='block_1_1' title="bbox 358 492 1007 564">
    <p class='ocr_par' dir='ltr' id='par_1_1' title="bbox 358 492 1007 564">
     <span class='ocr_line' id='line_1_1' title="bbox 358 492 1007 564; baseline 0 -12"><span class='ocrx_word' id='word_1_1' title='bbox 358 492 423 555; x_wconf 88' lang='grc'>138</span> <span class='ocrx_word' id='word_1_2' title='bbox 762 498 871 552; x_wconf 84' lang='lat' dir='ltr'>Xaver</span> <span class='ocrx_word' id='word_1_3' title='bbox 890 499 1007 564; x_wconf 74' lang='lat' dir='ltr'>hurih,</span> 
     </span>
    </p>
   </div>
   <div class='ocr_carea' id='block_1_2' title="bbox 355 668 1496 1471">
    <p class='ocr_par' dir='ltr' id='par_1_2' title="bbox 447 668 1265 751">
     <span class='ocr_line' id='line_1_2' title="bbox 447 668 1265 751; baseline -0.001 -18"><span class='ocrx_word' id='word_1_4' title='bbox 447 671 592 747; x_wconf 82' lang='grc' dir='ltr'>ὑπακοή</span> <span class='ocrx_word' id='word_1_5' title='bbox 621 669 867 734; x_wconf 76' lang='lat' dir='ltr'>oboedientia</span> <span class='ocrx_word' id='word_1_6' title='bbox 891 669 991 745; x_wconf 65' lang='lat' dir='ltr'>Gara</span> <span class='ocrx_word' id='word_1_7' title='bbox 1016 668 1119 751; x_wconf 78' lang='lat' dir='ltr'>Lxx,</span> <span class='ocrx_word' id='word_1_8' title='bbox 1143 668 1265 733; x_wconf 82' lang='lat' dir='ltr'>Eccles.</span> 
     </span>
    </p>

    <p class='ocr_par' dir='ltr' id='par_1_3' title="bbox 355 771 1495 957">
     <span class='ocr_line' id='line_1_3' title="bbox 447 771 1495 851; baseline 0.001 -15"><span class='ocrx_word' id='word_1_9' title='bbox 447 771 695 851; x_wconf 85' lang='grc' dir='ltr'>ὑπερεκτείνω</span> <span class='ocrx_word' id='word_1_10' title='bbox 719 772 821 835; x_wconf 84' lang='grc' dir='ltr'>Β41;</span> <span class='ocrx_word' id='word_1_11' title='bbox 846 771 1098 849; x_wconf 82' lang='grc' dir='ltr'>ὑπερεκτείνομοιι</span> <span class='ocrx_word' id='word_1_12' title='bbox 1122 772 1225 851; x_wconf 87' lang='grc' dir='ltr'>ὁρῶν;</span> <span class='ocrx_word' id='word_1_13' title='bbox 1251 772 1374 835; x_wconf 88' lang='lat' dir='ltr'>Paulus</span> <span class='ocrx_word' id='word_1_14' title='bbox 1399 773 1495 837; x_wconf 86' lang='lat' dir='ltr'>solus</span> 
     </span>
     <span class='ocr_line' id='line_1_4' title="bbox 355 874 1493 957; baseline 0.003 -21"><span class='ocrx_word' id='word_1_15' title='bbox 355 894 469 938; x_wconf 85' lang='lat' dir='ltr'>vocem</span> <span class='ocrx_word' id='word_1_16' title='bbox 488 875 616 939; x_wconf 86' lang='lat' dir='ltr'>adhibet</span> <span class='ocrx_word' id='word_1_17' title='bbox 635 895 683 957; x_wconf 90' lang='lat' dir='ltr'>ep.</span> <span class='ocrx_word' id='word_1_18' title='bbox 700 874 733 938; x_wconf 90' lang='grc' dir='ltr'><em>Π</em></span> <span class='ocrx_word' id='word_1_19' title='bbox 750 874 819 937; x_wconf 79' lang='lat' dir='ltr'>Cor.</span> <span class='ocrx_word' id='word_1_20' title='bbox 838 875 887 955; x_wconf 98' lang='grc'>10,</span> <span class='ocrx_word' id='word_1_21' title='bbox 910 875 968 936; x_wconf 86' lang='grc'>14;</span> <span class='ocrx_word' id='word_1_22' title='bbox 994 874 1052 937; x_wconf 80' lang='grc' dir='ltr'>οὔκ</span> <span class='ocrx_word' id='word_1_23' title='bbox 1068 875 1322 952; x_wconf 84' lang='grc' dir='ltr'>ὑπερεκτείνομεν</span> <span class='ocrx_word' id='word_1_24' title='bbox 1343 877 1493 940; x_wconf 85' lang='grc' dir='ltr'>ἑαυτούε.</span> 
     </span>
    </p>

    <p class='ocr_par' dir='ltr' id='par_1_4' title="bbox 356 977 1496 1263">
     <span class='ocr_line' id='line_1_5' title="bbox 447 977 1496 1060; baseline 0.001 -18"><span class='ocrx_word' id='word_1_25' title='bbox 447 978 719 1056; x_wconf 81' lang='grc' dir='ltr'>ὑπερνικάομαί</span> <span class='ocrx_word' id='word_1_26' title='bbox 748 999 805 1041; x_wconf 91' lang='grc' dir='ltr'>τινι</span> <span class='ocrx_word' id='word_1_27' title='bbox 836 997 972 1059; x_wconf 90' lang='lat' dir='ltr'>supero</span> <span class='ocrx_word' id='word_1_28' title='bbox 1002 977 1110 1040; x_wconf 78' lang='lat' dir='ltr'>Bao:</span> <span class='ocrx_word' id='word_1_29' title='bbox 1144 981 1324 1060; x_wconf 83' lang='grc' dir='ltr'>ψαλμιμδίαι</span> <span class='ocrx_word' id='word_1_30' title='bbox 1356 981 1496 1057; x_wconf 70' lang='grc' dir='ltr'>θρήνοις</span> 
     </span>
     <span class='ocr_line' id='line_1_6' title="bbox 356 1080 1492 1164; baseline 0.003 -21"><span class='ocrx_word' id='word_1_31' title='bbox 356 1080 613 1160; x_wconf 82' lang='grc' dir='ltr'>ὑπερνικώμεναι;</span> <span class='ocrx_word' id='word_1_32' title='bbox 631 1080 751 1144; x_wconf 90' lang='lat' dir='ltr'>Paulus</span> <span class='ocrx_word' id='word_1_33' title='bbox 767 1081 897 1164; x_wconf 88' lang='lat' dir='ltr'>praebet</span> <span class='ocrx_word' id='word_1_34' title='bbox 910 1081 1046 1144; x_wconf 83' lang='lat' dir='ltr'>formam</span> <span class='ocrx_word' id='word_1_35' title='bbox 1062 1082 1198 1144; x_wconf 81' lang='lat' dir='ltr'>activam</span> <span class='ocrx_word' id='word_1_36' title='bbox 1214 1100 1261 1164; x_wconf 91' lang='lat' dir='ltr'>ep.</span> <span class='ocrx_word' id='word_1_37' title='bbox 1275 1081 1365 1144; x_wconf 91' lang='lat' dir='ltr'>Rom.</span> <span class='ocrx_word' id='word_1_38' title='bbox 1379 1084 1412 1162; x_wconf 90' lang='grc'>8,</span> <span class='ocrx_word' id='word_1_39' title='bbox 1427 1085 1492 1146; x_wconf 80' lang='lat'>37:</span> 
     </span>
     <span class='ocr_line' id='line_1_7' title="bbox 356 1183 1189 1263; baseline -0.001 -16"><span class='ocrx_word' id='word_1_40' title='bbox 356 1185 398 1261; x_wconf 44' lang='grc' dir='ltr'>ἐν,</span> <span class='ocrx_word' id='word_1_41' title='bbox 415 1184 537 1249; x_wconf 72' lang='grc' dir='ltr'>τούτοις</span> <span class='ocrx_word' id='word_1_42' title='bbox 559 1187 650 1248; x_wconf 84' lang='grc' dir='ltr'>πᾶειν</span> <span class='ocrx_word' id='word_1_43' title='bbox 670 1185 882 1263; x_wconf 87' lang='grc' dir='ltr'>ὑπερνικῶμεν</span> <span class='ocrx_word' id='word_1_44' title='bbox 907 1186 959 1248; x_wconf 87' lang='grc' dir='ltr'>διὰ</span> <span class='ocrx_word' id='word_1_45' title='bbox 981 1188 1037 1260; x_wconf 78' lang='grc' dir='ltr'>τῆ(</span> <span class='ocrx_word' id='word_1_46' title='bbox 1060 1183 1189 1261; x_wconf 70' lang='grc' dir='ltr'>ἀγάπης.</span> 
     </span>
    </p>

    <p class='ocr_par' dir='ltr' id='par_1_5' title="bbox 446 1285 1218 1367">
     <span class='ocr_line' id='line_1_8' title="bbox 446 1285 1218 1367; baseline -0.001 -17"><span class='ocrx_word' id='word_1_47' title='bbox 446 1288 602 1365; x_wconf 82' lang='grc' dir='ltr'>χάριεμα</span> <span class='ocrx_word' id='word_1_48' title='bbox 626 1287 728 1366; x_wconf 70' lang='grc'>013,</span> <span class='ocrx_word' id='word_1_49' title='bbox 753 1291 808 1363; x_wconf 77' lang='grc' dir='ltr'>τῆ(</span> <span class='ocrx_word' id='word_1_50' title='bbox 830 1287 975 1366; x_wconf 73' lang='grc' dir='ltr'>πίετεωε,</span> <span class='ocrx_word' id='word_1_51' title='bbox 1001 1285 1073 1367; x_wconf 74' lang='lat' dir='ltr'>Nu,</span> <span class='ocrx_word' id='word_1_52' title='bbox 1096 1287 1218 1349; x_wconf 82' lang='lat' dir='ltr'>Eccles.</span> 
     </span>
    </p>

    <p class='ocr_par' dir='ltr' id='par_1_6' title="bbox 447 1387 1444 1471">
     <span class='ocr_line' id='line_1_9' title="bbox 447 1387 1444 1471; baseline 0.002 -18"><span class='ocrx_word' id='word_1_53' title='bbox 447 1390 575 1466; x_wconf 72' lang='grc' dir='ltr'>χοϊκός</span> <span class='ocrx_word' id='word_1_54' title='bbox 600 1389 702 1468; x_wconf 72' lang='grc'>013,</span> <span class='ocrx_word' id='word_1_55' title='bbox 727 1389 817 1453; x_wconf 86' lang='lat' dir='ltr'>Paul.</span> <span class='ocrx_word' id='word_1_56' title='bbox 839 1408 887 1471; x_wconf 89' lang='lat' dir='ltr'>ep.</span> <span class='ocrx_word' id='word_1_57' title='bbox 908 1387 925 1449; x_wconf 93' lang='grc' dir='ltr'>Ι</span> <span class='ocrx_word' id='word_1_58' title='bbox 950 1388 1019 1452; x_wconf 82' lang='grc' dir='ltr'>0οκ.</span> <span class='ocrx_word' id='word_1_59' title='bbox 1038 1391 1087 1470; x_wconf 85' lang='grc'>15,</span> <span class='ocrx_word' id='word_1_60' title='bbox 1104 1391 1156 1470; x_wconf 77' lang='grc'>47,</span> <span class='ocrx_word' id='word_1_61' title='bbox 1172 1389 1224 1469; x_wconf 89' lang='grc'>48,</span> <span class='ocrx_word' id='word_1_62' title='bbox 1241 1391 1293 1471; x_wconf 89' lang='grc'>49,</span> <span class='ocrx_word' id='word_1_63' title='bbox 1314 1390 1444 1455; x_wconf 82' lang='lat' dir='ltr'>Eccles</span> 
     </span>
    </p>
   </div>
   <div class='ocr_carea' id='block_1_3' title="bbox 839 1547 999 1556">
    <p class='ocr_par' dir='ltr' id='par_1_7' title="bbox 839 1547 999 1556">
     <span class='ocr_line' id='line_1_10' title="bbox 839 1547 999 1556; baseline -0.006 0"><span class='ocrx_word' id='word_1_64' title='bbox 839 1547 999 1556; x_wconf 77' lang='lat'><em>——..</em></span> 
     </span>
    </p>
   </div>
   <div class='ocr_carea' id='block_1_4' title="bbox 518 1635 1336 1726">
    <p class='ocr_par' dir='ltr' id='par_1_8' title="bbox 518 1635 1336 1726">
     <span class='ocr_line' id='line_1_11' title="bbox 518 1635 1336 1726; baseline 0.002 -29"><span class='ocrx_word' id='word_1_65' title='bbox 518 1638 546 1698; x_wconf 82' lang='grc'>7.</span> <span class='ocrx_word' id='word_1_66' title='bbox 573 1636 735 1726; x_wconf 73' lang='lat' dir='ltr'>Venabula</span> <span class='ocrx_word' id='word_1_67' title='bbox 758 1636 850 1698; x_wconf 87' lang='lat' dir='ltr'>novis</span> <span class='ocrx_word' id='word_1_68' title='bbox 874 1635 1163 1718; x_wconf 81' lang='lat' dir='ltr'>significationibus</span> <span class='ocrx_word' id='word_1_69' title='bbox 1187 1635 1336 1699; x_wconf 87' lang='lat' dir='ltr'>adhibita.</span> 
     </span>
    </p>
   </div>
   <div class='ocr_carea' id='block_1_5' title="bbox 354 1795 1494 3511">
    <p class='ocr_par' dir='ltr' id='par_1_9' title="bbox 355 1795 1494 2389">
     <span class='ocr_line' id='line_1_12' title="bbox 445 1795 1494 1876; baseline 0.002 -15"><span class='ocrx_word' id='word_1_70' title='bbox 445 1807 476 1869; x_wconf 78' lang='lat' dir='ltr'>-t-</span> <span class='ocrx_word' id='word_1_71' title='bbox 493 1797 696 1875; x_wconf 82' lang='grc' dir='ltr'>ἀναδὲομαι</span> <span class='ocrx_word' id='word_1_72' title='bbox 720 1795 857 1874; x_wconf 84' lang='grc' dir='ltr'>κράτοε</span> <span class='ocrx_word' id='word_1_73' title='bbox 880 1797 960 1859; x_wconf 80' lang='lat' dir='ltr'>Bb:</span> <span class='ocrx_word' id='word_1_74' title='bbox 987 1800 1173 1874; x_wconf 84' lang='grc' dir='ltr'>φιλονεικῶν</span> <span class='ocrx_word' id='word_1_75' title='bbox 1196 1798 1232 1859; x_wconf 87' lang='grc' dir='ltr'>τὸ</span> <span class='ocrx_word' id='word_1_76' title='bbox 1256 1801 1312 1874; x_wconf 79' lang='grc' dir='ltr'>τῆ(</span> <span class='ocrx_word' id='word_1_77' title='bbox 1329 1796 1494 1876; x_wconf 84' lang='grc' dir='ltr'>εὐεεβείαε</span> 
     </span>
     <span class='ocr_line' id='line_1_13' title="bbox 356 1898 1493 1981; baseline -0.001 -17"><span class='ocrx_word' id='word_1_78' title='bbox 356 1902 469 1981; x_wconf 84' lang='grc' dir='ltr'>κράτοε</span> <span class='ocrx_word' id='word_1_79' title='bbox 485 1901 710 1978; x_wconf 70' lang='grc' dir='ltr'>ἀναδήεατθαι,</span> <span class='ocrx_word' id='word_1_80' title='bbox 735 1900 762 1962; x_wconf 92' lang='grc' dir='ltr'>Β</span> <span class='ocrx_word' id='word_1_81' title='bbox 777 1902 815 1962; x_wconf 81' lang='grc'>17</span> <span class='ocrx_word' id='word_1_82' title='bbox 829 1922 835 1962; x_wconf 92' lang='lat'>:</span> <span class='ocrx_word' id='word_1_83' title='bbox 862 1898 899 1963; x_wconf 88' lang='grc' dir='ltr'>οὐ</span> <span class='ocrx_word' id='word_1_84' title='bbox 916 1901 988 1977; x_wconf 85' lang='grc' dir='ltr'>πρὶν</span> <span class='ocrx_word' id='word_1_85' title='bbox 1005 1899 1121 1976; x_wconf 86' lang='grc' dir='ltr'>ἀνῆκεν</span> <span class='ocrx_word' id='word_1_86' title='bbox 1146 1901 1293 1976; x_wconf 83' lang='grc' dir='ltr'>ἢτελέωτ</span> <span class='ocrx_word' id='word_1_87' title='bbox 1309 1901 1493 1977; x_wconf 80' lang='grc' dir='ltr'>τρέψατθοιι</span> 
     </span>
     <span class='ocr_line' id='line_1_14' title="bbox 356 2002 1493 2084; baseline -0.002 -17"><span class='ocrx_word' id='word_1_88' title='bbox 356 2006 405 2067; x_wconf 88' lang='grc' dir='ltr'>καὶ</span> <span class='ocrx_word' id='word_1_89' title='bbox 431 2004 467 2066; x_wconf 85' lang='grc' dir='ltr'>τὸ</span> <span class='ocrx_word' id='word_1_90' title='bbox 497 2005 611 2080; x_wconf 83' lang='grc' dir='ltr'>κράτοε</span> <span class='ocrx_word' id='word_1_91' title='bbox 642 2008 789 2079; x_wconf 72' lang='grc' dir='ltr'>καθαρῶς</span> <span class='ocrx_word' id='word_1_92' title='bbox 819 2003 1042 2081; x_wconf 81' lang='grc' dir='ltr'>ἀνοδήτατθαι;</span> <span class='ocrx_word' id='word_1_93' title='bbox 1074 2002 1236 2083; x_wconf 82' lang='lat' dir='ltr'>significat</span> <span class='ocrx_word' id='word_1_94' title='bbox 1265 2002 1367 2084; x_wconf 81' lang='lat' dir='ltr'>igitur</span> <span class='ocrx_word' id='word_1_95' title='bbox 1399 2002 1493 2066; x_wconf 73' lang='lat' dir='ltr'>‘vic-</span> 
     </span>
     <span class='ocr_line' id='line_1_15' title="bbox 355 2103 1493 2189; baseline -0.002 -19"><span class='ocrx_word' id='word_1_96' title='bbox 355 2108 490 2170; x_wconf 91' lang='lat' dir='ltr'>toriam</span> <span class='ocrx_word' id='word_1_97' title='bbox 520 2107 732 2189; x_wconf 89' lang='lat' dir='ltr'>reportare’</span> <span class='ocrx_word' id='word_1_98' title='bbox 763 2104 815 2169; x_wconf 81' lang='lat' dir='ltr'>vel</span> <span class='ocrx_word' id='word_1_99' title='bbox 845 2103 1021 2187; x_wconf 80' lang='lat' dir='ltr'>‘palmam</span> <span class='ocrx_word' id='word_1_100' title='bbox 1052 2104 1228 2186; x_wconf 90' lang='lat' dir='ltr'>adipisoi&#39;</span> <span class='ocrx_word' id='word_1_101' title='bbox 1260 2109 1357 2185; x_wconf 88' lang='lat' dir='ltr'>atque</span> <span class='ocrx_word' id='word_1_102' title='bbox 1389 2105 1493 2168; x_wconf 88' lang='lat' dir='ltr'>habet</span> 
     </span>
     <span class='ocr_line' id='line_1_16' title="bbox 356 2205 1493 2290; baseline -0.003 -17"><span class='ocrx_word' id='word_1_103' title='bbox 356 2208 490 2273; x_wconf 88' lang='lat' dir='ltr'>eandem</span> <span class='ocrx_word' id='word_1_104' title='bbox 505 2210 579 2290; x_wconf 78' lang='lat' dir='ltr'>vim,</span> <span class='ocrx_word' id='word_1_105' title='bbox 605 2228 686 2290; x_wconf 89' lang='lat' dir='ltr'>quae</span> <span class='ocrx_word' id='word_1_106' title='bbox 704 2209 789 2271; x_wconf 92' lang='lat' dir='ltr'>inest</span> <span class='ocrx_word' id='word_1_107' title='bbox 806 2209 840 2269; x_wconf 89' lang='lat' dir='ltr'>in</span> <span class='ocrx_word' id='word_1_108' title='bbox 863 2209 939 2270; x_wconf 92' lang='lat' dir='ltr'>nota</span> <span class='ocrx_word' id='word_1_109' title='bbox 960 2206 1015 2268; x_wconf 86' lang='lat' dir='ltr'>illa</span> <span class='ocrx_word' id='word_1_110' title='bbox 1037 2205 1199 2270; x_wconf 90' lang='lat' dir='ltr'>locutione</span> <span class='ocrx_word' id='word_1_111' title='bbox 1218 2206 1388 2284; x_wconf 75' lang='grc' dir='ltr'>ἐτέφανον</span> <span class='ocrx_word' id='word_1_112' title='bbox 1409 2207 1493 2270; x_wconf 90' lang='grc' dir='ltr'>ἀνα-</span> 
     </span>
     <span class='ocr_line' id='line_1_17' title="bbox 356 2311 522 2389; baseline -0.012 -13"><span class='ocrx_word' id='word_1_113' title='bbox 356 2311 522 2389; x_wconf 83' lang='grc' dir='ltr'>δήεατθαι’.</span> 
     </span>
    </p>

    <p class='ocr_par' dir='ltr' id='par_1_10' title="bbox 355 2411 1492 2597">
     <span class='ocr_line' id='line_1_18' title="bbox 445 2411 1492 2492; baseline -0.002 -14"><span class='ocrx_word' id='word_1_114' title='bbox 445 2413 734 2492; x_wconf 53' lang='grc' dir='ltr'>ψάνακοθαίρω</span> <span class='ocrx_word' id='word_1_115' title='bbox 772 2412 816 2476; x_wconf 93' lang='lat' dir='ltr'>de</span> <span class='ocrx_word' id='word_1_116' title='bbox 854 2412 976 2476; x_wconf 89' lang='lat' dir='ltr'>medio</span> <span class='ocrx_word' id='word_1_117' title='bbox 1014 2412 1106 2476; x_wconf 86' lang='lat' dir='ltr'>tolio</span> <span class='ocrx_word' id='word_1_118' title='bbox 1139 2411 1248 2474; x_wconf 71' lang='lat' dir='ltr'>Bao:</span> <span class='ocrx_word' id='word_1_119' title='bbox 1287 2411 1326 2474; x_wconf 86' lang='grc' dir='ltr'>οὐ</span> <span class='ocrx_word' id='word_1_120' title='bbox 1359 2412 1492 2476; x_wconf 75' lang='grc' dir='ltr'>Σκύθαι</span> 
     </span>
     <span class='ocr_line' id='line_1_19' title="bbox 355 2514 1416 2597; baseline -0.005 -16"><span class='ocrx_word' id='word_1_121' title='bbox 355 2518 549 2597; x_wconf 87' lang='grc' dir='ltr'>χειρούμενοι</span> <span class='ocrx_word' id='word_1_122' title='bbox 574 2515 631 2581; x_wconf 86' lang='grc' dir='ltr'>οὐκ</span> <span class='ocrx_word' id='word_1_123' title='bbox 655 2516 734 2580; x_wconf 84' lang='grc' dir='ltr'>ἄλλο</span> <span class='ocrx_word' id='word_1_124' title='bbox 757 2537 784 2578; x_wconf 90' lang='grc' dir='ltr'>τι</span> <span class='ocrx_word' id='word_1_125' title='bbox 808 2515 998 2593; x_wconf 87' lang='grc' dir='ltr'>βαρβαρικὸν</span> <span class='ocrx_word' id='word_1_126' title='bbox 1023 2515 1117 2578; x_wconf 72' lang='grc' dir='ltr'>ἔθνος</span> <span class='ocrx_word' id='word_1_127' title='bbox 1141 2514 1416 2591; x_wconf 84' lang='grc' dir='ltr'>ἀνοκαθαίροντεε.</span> 
     </span>
    </p>

    <p class='ocr_par' dir='ltr' id='par_1_11' title="bbox 354 2616 1493 3511">
     <span class='ocr_line' id='line_1_20' title="bbox 445 2616 1493 2695; baseline -0.002 -12"><span class='ocrx_word' id='word_1_128' title='bbox 445 2630 476 2692; x_wconf 74' lang='lat' dir='ltr'>-t-</span> <span class='ocrx_word' id='word_1_129' title='bbox 493 2619 749 2683; x_wconf 80' lang='grc' dir='ltr'>ἀνεπῖδεικτοε</span> <span class='ocrx_word' id='word_1_130' title='bbox 763 2618 840 2680; x_wconf 78' lang='grc'>032</span> <span class='ocrx_word' id='word_1_131' title='bbox 851 2639 857 2679; x_wconf 92' lang='lat'>:</span> <span class='ocrx_word' id='word_1_132' title='bbox 870 2618 906 2680; x_wconf 89' lang='grc' dir='ltr'>τὸ</span> <span class='ocrx_word' id='word_1_133' title='bbox 915 2616 1199 2695; x_wconf 83' lang='grc' dir='ltr'>ἀντῆτεὺλαβείατ.</span> <span class='ocrx_word' id='word_1_134' title='bbox 1214 2616 1301 2693; x_wconf 82' lang='lat' dir='ltr'>Quae</span> <span class='ocrx_word' id='word_1_135' title='bbox 1310 2636 1377 2680; x_wconf 81' lang='lat' dir='ltr'>vox</span> <span class='ocrx_word' id='word_1_136' title='bbox 1387 2636 1493 2681; x_wconf 91' lang='lat' dir='ltr'>sensu</span> 
     </span>
     <span class='ocr_line' id='line_1_21' title="bbox 354 2719 1491 2807; baseline 0 -22"><span class='ocrx_word' id='word_1_137' title='bbox 354 2725 484 2807; x_wconf 92' lang='lat' dir='ltr'>proprio</span> <span class='ocrx_word' id='word_1_138' title='bbox 513 2721 682 2785; x_wconf 86' lang='lat' dir='ltr'>adhibetur</span> <span class='ocrx_word' id='word_1_139' title='bbox 704 2723 739 2783; x_wconf 90' lang='lat' dir='ltr'>in</span> <span class='ocrx_word' id='word_1_140' title='bbox 762 2721 808 2783; x_wconf 90' lang='lat' dir='ltr'>tit.</span> <span class='ocrx_word' id='word_1_141' title='bbox 825 2719 1052 2802; x_wconf 84' lang='lat' dir='ltr'>Dittenberger</span> <span class='ocrx_word' id='word_1_142' title='bbox 1079 2720 1169 2802; x_wconf 76' lang='lat' dir='ltr'>Syll.2</span> <span class='ocrx_word' id='word_1_143' title='bbox 1196 2723 1274 2802; x_wconf 81' lang='grc'>540,</span> <span class='ocrx_word' id='word_1_144' title='bbox 1303 2723 1384 2784; x_wconf 77' lang='grc' dir='ltr'>173ε</span> <span class='ocrx_word' id='word_1_145' title='bbox 1416 2722 1491 2785; x_wconf 90' lang='grc' dir='ltr'>ἀνε-</span> 
     </span>
     <span class='ocr_line' id='line_1_22' title="bbox 354 2823 1490 2906; baseline -0.003 -17"><span class='ocrx_word' id='word_1_146' title='bbox 354 2827 510 2890; x_wconf 79' lang='grc' dir='ltr'>πίδεικτον</span> <span class='ocrx_word' id='word_1_147' title='bbox 540 2829 573 2888; x_wconf 83' lang='grc' dir='ltr'>δὲ</span> <span class='ocrx_word' id='word_1_148' title='bbox 605 2828 700 2903; x_wconf 81' lang='grc' dir='ltr'>μηθὲν</span> <span class='ocrx_word' id='word_1_149' title='bbox 730 2825 930 2886; x_wconf 56' lang='lat' dir='ltr'>hafanana</span> <span class='ocrx_word' id='word_1_150' title='bbox 961 2823 978 2886; x_wconf 88' lang='grc' dir='ltr'>ὁ</span> <span class='ocrx_word' id='word_1_151' title='bbox 1004 2824 1158 2902; x_wconf 74' lang='grc' dir='ltr'>ἐργώνηε,</span> <span class='ocrx_word' id='word_1_152' title='bbox 1188 2829 1254 2887; x_wconf 91' lang='lat' dir='ltr'>tum</span> <span class='ocrx_word' id='word_1_153' title='bbox 1285 2824 1490 2906; x_wconf 87' lang='lat' dir='ltr'>Herophilus</span> 
     </span>
     <span class='ocr_line' id='line_1_23' title="bbox 354 2925 1491 3013; baseline -0.002 -21"><span class='ocrx_word' id='word_1_154' title='bbox 354 2929 486 3012; x_wconf 89' lang='lat' dir='ltr'>praebet</span> <span class='ocrx_word' id='word_1_155' title='bbox 498 2929 583 3013; x_wconf 91' lang='lat' dir='ltr'>apud</span> <span class='ocrx_word' id='word_1_156' title='bbox 595 2928 729 2992; x_wconf 84' lang='lat' dir='ltr'>Sextum</span> <span class='ocrx_word' id='word_1_157' title='bbox 743 2927 833 3009; x_wconf 81' lang='lat' dir='ltr'>Emp.</span> <span class='ocrx_word' id='word_1_158' title='bbox 849 2928 922 3008; x_wconf 80' lang='grc'>701,</span> <span class='ocrx_word' id='word_1_159' title='bbox 935 2929 963 3008; x_wconf 88' lang='grc'>9,</span> <span class='ocrx_word' id='word_1_160' title='bbox 977 2927 1033 2990; x_wconf 89' lang='lat' dir='ltr'>sed</span> <span class='ocrx_word' id='word_1_161' title='bbox 1046 2925 1107 2989; x_wconf 80' lang='lat' dir='ltr'>aiia</span> <span class='ocrx_word' id='word_1_162' title='bbox 1119 2927 1371 3009; x_wconf 83' lang='lat' dir='ltr'>significatione:</span> <span class='ocrx_word' id='word_1_163' title='bbox 1392 2927 1491 3006; x_wconf 90' lang='grc' dir='ltr'>Ἡρό-</span> 
     </span>
     <span class='ocr_line' id='line_1_24' title="bbox 356 3030 1489 3113; baseline 0.001 -20"><span class='ocrx_word' id='word_1_164' title='bbox 356 3035 447 3110; x_wconf 80' lang='grc' dir='ltr'>φιλοε</span> <span class='ocrx_word' id='word_1_165' title='bbox 475 3035 510 3095; x_wconf 83' lang='grc' dir='ltr'>δὲ</span> <span class='ocrx_word' id='word_1_166' title='bbox 534 3032 635 3113; x_wconf 84' lang='grc' dir='ltr'>ἐντῷ</span> <span class='ocrx_word' id='word_1_167' title='bbox 660 3034 832 3113; x_wconf 84' lang='grc' dir='ltr'>διαιτητικῷ</span> <span class='ocrx_word' id='word_1_168' title='bbox 857 3033 905 3094; x_wconf 87' lang='grc' dir='ltr'>καὶ</span> <span class='ocrx_word' id='word_1_169' title='bbox 929 3032 1042 3109; x_wconf 74' lang='lat' dir='ltr'>(opino</span> <span class='ocrx_word' id='word_1_170' title='bbox 1071 3033 1163 3108; x_wconf 81' lang='grc' dir='ltr'>φητὶν</span> <span class='ocrx_word' id='word_1_171' title='bbox 1188 3030 1403 3095; x_wconf 84' lang='grc' dir='ltr'>ἀνεπίδεικτον</span> <span class='ocrx_word' id='word_1_172' title='bbox 1428 3081 1435 3092; x_wconf 95' lang='grc'><strong>.</strong></span> <span class='ocrx_word' id='word_1_173' title='bbox 1456 3081 1489 3094; x_wconf 93' lang='grc'>..</span> 
     </span>
     <span class='ocr_line' id='line_1_25' title="bbox 355 3134 1491 3219; baseline -0.003 -18"><span class='ocrx_word' id='word_1_174' title='bbox 355 3138 469 3213; x_wconf 80' lang='grc' dir='ltr'>ὑγιεία(</span> <span class='ocrx_word' id='word_1_175' title='bbox 493 3137 626 3214; x_wconf 84' lang='grc' dir='ltr'>ἀκούεηε</span> <span class='ocrx_word' id='word_1_176' title='bbox 643 3136 923 3219; x_wconf 81' lang='lat' dir='ltr'>:philosophiam</span> <span class='ocrx_word' id='word_1_177' title='bbox 947 3134 1156 3199; x_wconf 88' lang='lat' dir='ltr'>demonstrari</span> <span class='ocrx_word' id='word_1_178' title='bbox 1179 3153 1245 3196; x_wconf 91' lang='lat' dir='ltr'>non</span> <span class='ocrx_word' id='word_1_179' title='bbox 1260 3151 1354 3215; x_wconf 89' lang='lat' dir='ltr'>posse</span> <span class='ocrx_word' id='word_1_180' title='bbox 1374 3153 1491 3214; x_wconf 78' lang='lat' dir='ltr'>aegro-</span> 
     </span>
     <span class='ocr_line' id='line_1_26' title="bbox 355 3224 1488 3325; baseline -0.006 -19"><span class='ocrx_word' id='word_1_181' title='bbox 355 3245 441 3306; x_wconf 86' lang='lat' dir='ltr'>tante</span> <span class='ocrx_word' id='word_1_182' title='bbox 466 3261 606 3325; x_wconf 89' lang='lat' dir='ltr'>corpore.</span> <span class='ocrx_word' id='word_1_183' title='bbox 637 3224 734 3324; x_wconf 85' lang='lat' dir='ltr'>Apud</span> <span class='ocrx_word' id='word_1_184' title='bbox 757 3240 949 3323; x_wconf 80' lang='lat' dir='ltr'>Gregorium</span> <span class='ocrx_word' id='word_1_185' title='bbox 972 3241 1079 3302; x_wconf 90' lang='lat' dir='ltr'>antem</span> <span class='ocrx_word' id='word_1_186' title='bbox 1101 3258 1167 3301; x_wconf 81' lang='lat' dir='ltr'>vox</span> <span class='ocrx_word' id='word_1_187' title='bbox 1191 3236 1286 3299; x_wconf 90' lang='lat' dir='ltr'>habet</span> <span class='ocrx_word' id='word_1_188' title='bbox 1309 3236 1376 3297; x_wconf 86' lang='lat' dir='ltr'>vim</span> <span class='ocrx_word' id='word_1_189' title='bbox 1401 3234 1488 3299; x_wconf 77' lang='lat' dir='ltr'>‘sine</span> 
     </span>
     <span class='ocr_line' id='line_1_27' title="bbox 355 3339 1489 3427; baseline -0.009 -19"><span class='ocrx_word' id='word_1_190' title='bbox 355 3346 585 3427; x_wconf 81' lang='lat' dir='ltr'>ostentatione&#39;,</span> <span class='ocrx_word' id='word_1_191' title='bbox 614 3348 650 3407; x_wconf 92' lang='lat' dir='ltr'>ut</span> <span class='ocrx_word' id='word_1_192' title='bbox 674 3344 818 3426; x_wconf 91' lang='lat' dir='ltr'>opposita</span> <span class='ocrx_word' id='word_1_193' title='bbox 845 3343 886 3404; x_wconf 90' lang='lat' dir='ltr'>sit</span> <span class='ocrx_word' id='word_1_194' title='bbox 910 3343 939 3406; x_wconf 90' lang='lat' dir='ltr'>ei</span> <span class='ocrx_word' id='word_1_195' title='bbox 967 3340 1205 3423; x_wconf 76' lang='lat' dir='ltr'>significationi,</span> <span class='ocrx_word' id='word_1_196' title='bbox 1235 3356 1316 3419; x_wconf 87' lang='lat' dir='ltr'>qnae</span> <span class='ocrx_word' id='word_1_197' title='bbox 1340 3339 1425 3400; x_wconf 89' lang='lat' dir='ltr'>inest</span> <span class='ocrx_word' id='word_1_198' title='bbox 1450 3339 1489 3398; x_wconf 92' lang='lat' dir='ltr'>in</span> 
     </span>
     <span class='ocr_line' id='line_1_28' title="bbox 354 3447 635 3511; baseline 0 -2"><span class='ocrx_word' id='word_1_199' title='bbox 354 3467 434 3511; x_wconf 89' lang='lat' dir='ltr'>voce</span> <span class='ocrx_word' id='word_1_200' title='bbox 458 3447 635 3510; x_wconf 83' lang='grc' dir='ltr'>ἐπίδεικτοε.</span> 
     </span>
    </p>
   </div>
   <div class='ocr_carea' id='block_1_6' title="bbox 355 3535 1609 4040">
    <p class='ocr_par' dir='ltr' id='par_1_12' title="bbox 355 3535 1609 4040">
     <span class='ocr_line' id='line_1_29' title="bbox 444 3535 1609 3630; baseline -0.008 -18"><span class='ocrx_word' id='word_1_201' title='bbox 444 3560 476 3622; x_wconf 79' lang='lat'>÷</span> <span class='ocrx_word' id='word_1_202' title='bbox 493 3549 654 3630; x_wconf 80' lang='grc' dir='ltr'>ἀποξὲοι,</span> <span class='ocrx_word' id='word_1_203' title='bbox 671 3568 768 3630; x_wconf 91' lang='lat' dir='ltr'>quam</span> <span class='ocrx_word' id='word_1_204' title='bbox 779 3566 892 3610; x_wconf 87' lang='lat' dir='ltr'>vocem</span> <span class='ocrx_word' id='word_1_205' title='bbox 904 3550 976 3628; x_wconf 91' lang='lat' dir='ltr'>post</span> <span class='ocrx_word' id='word_1_206' title='bbox 987 3544 1164 3608; x_wconf 83' lang='lat' dir='ltr'>Homerum</span> <span class='ocrx_word' id='word_1_207' title='bbox 1177 3581 1218 3588; x_wconf 94' lang='lat'>—</span> <span class='ocrx_word' id='word_1_208' title='bbox 1236 3543 1334 3606; x_wconf 87' lang='lat' dir='ltr'>Attici</span> <span class='ocrx_word' id='word_1_209' title='bbox 1348 3561 1415 3604; x_wconf 90' lang='lat' dir='ltr'>non</span> <span class='ocrx_word' id='word_1_210' title='bbox 1428 3562 1489 3606; x_wconf 88' lang='lat' dir='ltr'>ex·</span> <span class='ocrx_word' id='word_1_211' title='bbox 1608 3535 1609 3548; x_wconf 52' lang='lat'>¹</span> 
     </span>
     <span class='ocr_line' id='line_1_30' title="bbox 355 3633 1609 3742; baseline -0.005 -28"><span class='ocrx_word' id='word_1_212' title='bbox 355 3652 467 3716; x_wconf 90' lang='lat' dir='ltr'>hibent</span> <span class='ocrx_word' id='word_1_213' title='bbox 490 3690 533 3698; x_wconf 95' lang='lat'><em>-</em></span> <span class='ocrx_word' id='word_1_214' title='bbox 551 3651 706 3734; x_wconf 86' lang='lat' dir='ltr'>praebent</span> <span class='ocrx_word' id='word_1_215' title='bbox 722 3651 854 3733; x_wconf 82' lang='lat' dir='ltr'>Lucian,</span> <span class='ocrx_word' id='word_1_216' title='bbox 878 3652 1018 3733; x_wconf 82' lang='lat' dir='ltr'>Geopon‚</span> <span class='ocrx_word' id='word_1_217' title='bbox 1043 3648 1169 3731; x_wconf 83' lang='lat' dir='ltr'>Hippoi,</span> <span class='ocrx_word' id='word_1_218' title='bbox 1193 3633 1362 3729; x_wconf 79' lang='lat' dir='ltr'>Euagrius,</span> <span class='ocrx_word' id='word_1_219' title='bbox 1386 3665 1488 3710; x_wconf 89' lang='lat' dir='ltr'>sensu</span> <span class='ocrx_word' id='word_1_220' title='bbox 1608 3707 1609 3742; x_wconf 76' lang='grc'>,</span> 
     </span>
     <span class='ocr_line' id='line_1_31' title="bbox 355 3745 1609 3838; baseline -0.007 -20"><span class='ocrx_word' id='word_1_221' title='bbox 355 3757 492 3838; x_wconf 71' lang='lat' dir='ltr'>propria</span> <span class='ocrx_word' id='word_1_222' title='bbox 510 3761 547 3818; x_wconf 91' lang='lat' dir='ltr'>ut</span> <span class='ocrx_word' id='word_1_223' title='bbox 564 3755 735 3836; x_wconf 78' lang='lat' dir='ltr'>Gregorius</span> <span class='ocrx_word' id='word_1_224' title='bbox 756 3754 783 3817; x_wconf 83' lang='lat' dir='ltr'><strong>G</strong></span> <span class='ocrx_word' id='word_1_225' title='bbox 801 3756 859 3817; x_wconf 88' lang='lat'>16:</span> <span class='ocrx_word' id='word_1_226' title='bbox 885 3753 1015 3831; x_wconf 71' lang='grc' dir='ltr'>ἀνδριὰς</span> <span class='ocrx_word' id='word_1_227' title='bbox 1034 3751 1252 3828; x_wconf 74' lang='grc' dir='ltr'>ἀπεξετμένοε,</span> <span class='ocrx_word' id='word_1_228' title='bbox 1277 3749 1304 3811; x_wconf 92' lang='grc' dir='ltr'>Β</span> <span class='ocrx_word' id='word_1_229' title='bbox 1324 3750 1366 3811; x_wconf 90' lang='grc'>64</span> <span class='ocrx_word' id='word_1_230' title='bbox 1385 3748 1488 3812; x_wconf 85' lang='lat' dir='ltr'>refert</span> <span class='ocrx_word' id='word_1_231' title='bbox 1608 3745 1609 3750; x_wconf 69' lang='grc'>’</span> 
     </span>
     <span class='ocr_line' id='line_1_32' title="bbox 356 3851 1609 3939; baseline -0.006 -18"><span class='ocrx_word' id='word_1_232' title='bbox 356 3864 462 3922; x_wconf 90' lang='lat' dir='ltr'>orator</span> <span class='ocrx_word' id='word_1_233' title='bbox 491 3877 603 3920; x_wconf 85' lang='lat' dir='ltr'>vocem</span> <span class='ocrx_word' id='word_1_234' title='bbox 634 3857 673 3919; x_wconf 91' lang='lat' dir='ltr'>ad</span> <span class='ocrx_word' id='word_1_235' title='bbox 698 3877 810 3939; x_wconf 77' lang='lat' dir='ltr'>morea,</span> <span class='ocrx_word' id='word_1_236' title='bbox 842 3876 916 3920; x_wconf 91' lang='lat' dir='ltr'>cnm</span> <span class='ocrx_word' id='word_1_237' title='bbox 940 3855 1033 3918; x_wconf 90' lang='lat' dir='ltr'>dicit:</span> <span class='ocrx_word' id='word_1_238' title='bbox 1064 3854 1100 3916; x_wconf 89' lang='grc' dir='ltr'>τὸ</span> <span class='ocrx_word' id='word_1_239' title='bbox 1128 3856 1185 3914; x_wconf 81' lang='grc' dir='ltr'>τοῦ</span> <span class='ocrx_word' id='word_1_240' title='bbox 1210 3852 1309 3927; x_wconf 82' lang='grc' dir='ltr'>ἥθουε</span> <span class='ocrx_word' id='word_1_241' title='bbox 1338 3851 1488 3914; x_wconf 79' lang='grc' dir='ltr'>εὐετοθεε</span> <span class='ocrx_word' id='word_1_242' title='bbox 1608 3921 1609 3930; x_wconf 48' lang='grc'>,</span> 
     </span>
     <span class='ocr_line' id='line_1_33' title="bbox 356 3943 1609 4040; baseline -0.004 -18"><span class='ocrx_word' id='word_1_243' title='bbox 356 3963 404 4024; x_wconf 88' lang='grc' dir='ltr'>καὶ</span> <span class='ocrx_word' id='word_1_244' title='bbox 440 3961 570 4037; x_wconf 84' lang='grc' dir='ltr'>βεβηκὸε</span> <span class='ocrx_word' id='word_1_245' title='bbox 607 3961 655 4022; x_wconf 87' lang='grc' dir='ltr'>καὶ</span> <span class='ocrx_word' id='word_1_246' title='bbox 686 3958 902 4036; x_wconf 81' lang='grc' dir='ltr'>ἀπεξεεμὲνον.</span> <span class='ocrx_word' id='word_1_247' title='bbox 940 3957 1054 4020; x_wconf 82' lang='lat' dir='ltr'>Suidas</span> <span class='ocrx_word' id='word_1_248' title='bbox 1090 3957 1228 4040; x_wconf 80' lang='lat' dir='ltr'>explicat</span> <span class='ocrx_word' id='word_1_249' title='bbox 1263 3955 1484 4036; x_wconf 80' lang='grc' dir='ltr'>ἀπεξεεμὲνον,</span> <span class='ocrx_word' id='word_1_250' title='bbox 1608 3943 1609 3952; x_wconf 38' lang='grc'><strong>“</strong></span> 
     </span>
    </p>
   </div>
   <div class='ocr_carea' id='block_1_7' title="bbox 355 4057 1487 4450">
    <p class='ocr_par' dir='ltr' id='par_1_13' title="bbox 355 4057 1487 4242">
     <span class='ocr_line' id='line_1_34' title="bbox 355 4057 1487 4147; baseline -0.004 -23"><span class='ocrx_word' id='word_1_251' title='bbox 355 4063 578 4140; x_wconf 82' lang='grc' dir='ltr'>ἠκριβωμένον.</span> <span class='ocrx_word' id='word_1_252' title='bbox 615 4061 660 4125; x_wconf 81' lang='lat' dir='ltr'>ef.</span> <span class='ocrx_word' id='word_1_253' title='bbox 678 4061 792 4143; x_wconf 79' lang='lat' dir='ltr'>Euagr.</span> <span class='ocrx_word' id='word_1_254' title='bbox 809 4060 886 4123; x_wconf 77' lang='lat' dir='ltr'>Hm</span> <span class='ocrx_word' id='word_1_255' title='bbox 902 4061 978 4140; x_wconf 82' lang='lat'>446,</span> <span class='ocrx_word' id='word_1_256' title='bbox 1010 4060 1068 4121; x_wconf 83' lang='lat'>12:</span> <span class='ocrx_word' id='word_1_257' title='bbox 1100 4060 1174 4121; x_wconf 77' lang='grc' dir='ltr'>τοὺ(</span> <span class='ocrx_word' id='word_1_258' title='bbox 1203 4057 1487 4147; x_wconf 79' lang='grc' dir='ltr'>τρόπουεάπεξε-</span> 
     </span>
     <span class='ocr_line' id='line_1_35' title="bbox 357 4166 495 4242; baseline 0 -16"><span class='ocrx_word' id='word_1_259' title='bbox 357 4166 495 4242; x_wconf 56' lang='lat' dir='ltr'>(patrono.</span> 
     </span>
    </p>

    <p class='ocr_par' dir='ltr' id='par_1_14' title="bbox 357 4260 1485 4450">
     <span class='ocr_line' id='line_1_36' title="bbox 446 4260 1483 4348; baseline -0.006 -20"><span class='ocrx_word' id='word_1_260' title='bbox 446 4266 634 4343; x_wconf 79' lang='grc' dir='ltr'>βαείλιτεα</span> <span class='ocrx_word' id='word_1_261' title='bbox 659 4265 754 4342; x_wconf 69' lang='grc'>028,</span> <span class='ocrx_word' id='word_1_262' title='bbox 782 4285 974 4348; x_wconf 90' lang='lat' dir='ltr'>quamquam</span> <span class='ocrx_word' id='word_1_263' title='bbox 991 4262 1197 4344; x_wconf 89' lang='lat' dir='ltr'>Phrynichus</span> <span class='ocrx_word' id='word_1_264' title='bbox 1215 4262 1278 4323; x_wconf 83' lang='lat'>225</span> <span class='ocrx_word' id='word_1_265' title='bbox 1297 4260 1483 4324; x_wconf 89' lang='lat' dir='ltr'>contendit:</span> 
     </span>
     <span class='ocr_line' id='line_1_37' title="bbox 357 4365 1485 4450; baseline -0.001 -22"><span class='ocrx_word' id='word_1_266' title='bbox 357 4368 505 4443; x_wconf 81' lang='grc' dir='ltr'>βοείλιετα</span> <span class='ocrx_word' id='word_1_267' title='bbox 538 4365 640 4429; x_wconf 72' lang='grc' dir='ltr'>οὐδεὶς</span> <span class='ocrx_word' id='word_1_268' title='bbox 670 4371 734 4431; x_wconf 81' lang='grc' dir='ltr'>τῶν</span> <span class='ocrx_word' id='word_1_269' title='bbox 763 4367 903 4445; x_wconf 87' lang='grc' dir='ltr'>ἀρχαίων</span> <span class='ocrx_word' id='word_1_270' title='bbox 934 4365 1027 4450; x_wconf 83' lang='grc' dir='ltr'>εἶπεν,</span> <span class='ocrx_word' id='word_1_271' title='bbox 1056 4367 1134 4430; x_wconf 79' lang='grc' dir='ltr'>ἀλλὰ</span> <span class='ocrx_word' id='word_1_272' title='bbox 1159 4367 1292 4444; x_wconf 72' lang='lat' dir='ltr'>Badhan</span> <span class='ocrx_word' id='word_1_273' title='bbox 1316 4365 1335 4441; x_wconf 85' lang='grc' dir='ltr'>ἢ</span> <span class='ocrx_word' id='word_1_274' title='bbox 1362 4366 1485 4447; x_wconf 66' lang='lat' dir='ltr'>dachic,</span> 
     </span>
    </p>
   </div>
   <div class='ocr_carea' id='block_1_8' title="bbox 0 0 1624 5258">
    <p class='ocr_par' dir='ltr' id='par_1_15' title="bbox 0 0 1624 5258">
     <span class='ocr_line' id='line_1_38' title="bbox 0 0 1624 5258; baseline 0 0"><span class='ocrx_word' id='word_1_275' title='bbox 0 0 1624 5258; x_wconf 95' lang='lat' dir='ltr'> </span> 
     </span>
    </p>
   </div>
  </div>
 </body>
</html>
