3240 5252
352 514 416 578 100
802 522 923 576 Petrus
941 522 1034 589 Reis,
1390 514 1475 599 [260]

457 692 562 756 Etiam
585 693 619 754 in
644 693 662 775 ξ
682 693 746 755 220
771 712 846 755 cum
865 691 965 755 Bakio
990 693 1217 775 corrigendum
1242 711 1313 758 esse
1337 693 1475 757 videtur:
1597 703 1598 708 ’

349 797 500 880 dieupalu
518 802 546 859 et
563 795 681 860 incultu
700 802 729 859 et
751 795 942 878 diffluens
964 803 1007 860 eat
1024 799 1130 861 oratio.
1164 795 1376 860 Correcturae
1395 796 1477 858 haud

348 899 394 961 itu
421 916 536 980 graves
564 903 648 978 sunt,
677 899 862 980 praesertim
892 917 965 961 cum
994 900 1130 980 uterque
1159 898 1249 962 locus
1277 918 1344 961 uno
1370 899 1477 962 codice

350 1001 513 1064 Laudensi
536 999 672 1064 traditus
696 1003 745 1064 sit

440 1206 502 1283 Qui
521 1207 609 1270 locos
629 1208 688 1270 bac
707 1207 928 1270 dissertatione
948 1212 1098 1270 tractatos
1115 1209 1308 1290 cogitatione
1326 1213 1358 1273 et
1374 1209 1476 1272 animo

237 1383 240 1391 ,
350 1309 617 1392 contemplabitur
646 1330 683 1374 ac
713 1311 825 1391 varias,
850 1329 931 1391 quae
964 1310 1123 1389 dicuntur,
1149 1310 1300 1374 codicum
1324 1311 1477 1375 lectiones

348 1413 611 1496 perscrutabitur,
639 1411 795 1477 concedet
821 1413 909 1495 mihi,
937 1418 1025 1495 puto,
1052 1433 1114 1478 nec
1141 1413 1345 1478 Laudensem
1372 1435 1476 1498 neque

349 1515 584 1580 Abrincensem
608 1534 717 1579 carere
741 1516 865 1579 mendis
886 1517 962 1578 sotis
985 1516 1144 1598 gravibus
1177 1516 1274 1580 Modo
1291 1520 1322 1581 A
1339 1518 1433 1581 modo
1453 1517 1477 1580 L

349 1638 459 1682 veram
488 1619 651 1682 Ciceronis
682 1639 812 1681 manum
842 1620 989 1682 servavit.
1025 1619 1107 1682 Uter
1135 1623 1261 1682 textum
1290 1621 1476 1704 corruperit,

348 1742 414 1785 uno
432 1741 560 1805 quoque
576 1721 646 1784 loco
663 1724 755 1804 quasi
772 1721 811 1786 de
827 1723 952 1803 integro
969 1722 1205 1805 anquirendum
1221 1727 1278 1786 est.
1306 1722 1476 1788 Laboriose

348 1825 430 1887 nihil
448 1825 524 1907 agie,
544 1826 572 1888 si
591 1826 684 1907 quasi
701 1824 832 1888 tabellas
852 1825 1054 1888 conscribere
1073 1826 1130 1906 vis,
1151 1825 1303 1906 equibus
1320 1831 1475 1909 appareat,

350 1932 429 2009 quot
444 1933 476 1992 et
492 1928 602 2010 quales
619 1946 742 1990 errores
758 1929 793 1989 in
809 1932 946 2009 utroque
964 1927 1074 1990 codice
1091 1929 1155 1990 sint
1171 1929 1343 2010 commissi,
1360 1947 1476 2011 quous-

349 2050 412 2112 que
442 2029 561 2094 ccdicis
590 2031 758 2113 utriusque
783 2031 1005 2094 auctoritatem
1029 2031 1122 2112 sequi
1144 2032 1314 2112 possimus.
1350 2031 1475 2095 Electos

347 2132 435 2196 locos
462 2133 491 2196 si
518 2132 689 2214 diligenter
716 2137 888 2215 pertractes
917 2133 976 2196 sub
1005 2152 1134 2215 unoque
1163 2139 1342 2216 conspectu
1370 2154 1474 2216 ponas,

348 2236 467 2299 certius
487 2255 562 2298 cum
585 2235 625 2298 de
648 2234 782 2317 singulis
802 2235 1043 2317 quaestionibus
1062 2239 1130 2296 tum
1151 2235 1190 2298 de
1211 2235 1364 2300 universe
1382 2236 1476 2299 libro-

347 2357 419 2400 rum
447 2357 545 2400 manu
572 2338 765 2419 scriptorum
792 2337 900 2400 indole
924 2357 962 2400 ac
985 2337 1051 2400 iidc
1074 2336 1231 2400 iudicium
1254 2338 1350 2402 feras.
1387 2337 1476 2414 Quod

263 2508 267 2518 ,
348 2459 422 2504 oum
441 2444 593 2503 monente
609 2445 704 2522 atque
721 2439 892 2504 adiuvante
908 2439 1044 2503 Ricardo
1060 2439 1276 2503 Reitzenstein
1294 2459 1354 2524 ego
1370 2441 1474 2504 facere

348 2542 550 2624 aggrederer,
586 2542 669 2604 hanc
700 2561 828 2624 quoque
860 2542 992 2624 opellam
1029 2542 1150 2625 aliquid
1182 2542 1330 2606 utilitatis
1365 2544 1394 2607 ei
1424 2543 1475 2605 ad-

348 2644 485 2707 laturam
504 2663 574 2709 esse
594 2644 769 2726 sperabam,
790 2645 847 2726 qui
865 2642 928 2707 duo
948 2643 1164 2727 pulcherrima
1180 2643 1347 2708 Ciceronis
1366 2665 1476 2709 monu-

349 2751 465 2824 menta,
486 2746 651 2810 Oratorem
670 2746 742 2810 dico
762 2747 925 2829 librosque
943 2746 992 2810 De
1012 2751 1143 2827 oratore,
1162 2747 1364 2810 restituenda
1383 2754 1475 2830 atque

351 2848 474 2913 edenda
497 2849 558 2912 sibi
582 2851 695 2912 sumet

772 3318 1057 3383 CORRIGENDA.

670 3494 732 3547 pag.
746 3481 763 3532 8
782 3483 838 3533 not.
854 3479 886 3532 1:
911 3479 946 3533 85
959 3495 1018 3549 sqq.
1031 3494 1081 3546 pro
1094 3477 1143 3543 903

671 3567 763 3633 pag.8
782 3566 888 3619 noti-3:
912 3566 947 3619 84
966 3565 1078 3634 prot39;

672 3665 733 3718 pag.
749 3651 780 3704 11
801 3653 857 3704 not.
873 3651 904 3703 7:
928 3649 963 3702 29
983 3655 1010 3704 et
1028 3649 1063 3703 89
1082 3664 1132 3717 pro
1145 3648 1193 3720 925

672 3751 733 3802 pag.
748 3735 791 3802 24,
805 3737 838 3789 6:
863 3736 944 3787 etiam
962 3752 1013 3803 pro
1030 3736 1091 3787 sim.
