3240 5252
165 483 260 568 [247]
420 517 421 521 1
615 490 714 545 Studia
733 490 869 545 Tulliana.
1267 487 1309 550 87

165 669 197 726 et
216 663 445 746 Heerdegenii
471 663 688 725 coniecturam
708 662 815 745 probo,
840 662 947 745 quiid
972 662 1153 726 emendavit
1175 664 1209 726 in
1234 687 1313 750 quoae

163 768 293 850 quidem
303 767 336 846 ¹).
356 764 540 829 Accusandi
554 765 685 828 verbum
699 785 755 848 pro
766 764 940 828 arbitrandi
954 765 1050 828 verbo
1064 767 1204 849 positum
1216 767 1312 831 scioli

164 869 345 932 cuiusdam
369 868 500 930 arbitrio
520 867 661 931 debetur.
692 867 775 932 Dein
795 869 827 930 in
848 868 910 949 illo,
931 869 1014 950 qnod
1036 871 1065 932 A
1085 875 1247 932 corrector
1277 872 1310 933 in

163 974 318 1054 margine
339 971 517 1053 adscripsit
539 991 607 1056 opes
626 972 800 1054 suspicavit
816 971 943 1052 Beier‘2)
962 970 1060 1034 latere
1079 974 1159 1056 ipsos
1181 973 1226 1051 (=
1243 974 1311 1058 ipos

163 1075 253 1156 quod
280 1075 325 1137 ab
351 1092 491 1157 sequens
510 1095 596 1158 posse
618 1074 713 1137 facile
736 1074 838 1136 omitti
857 1074 962 1156 potuit
979 1075 1014 1136 in
1034 1073 1059 1137 L
1082 1079 1115 1137 et
1133 1076 1182 1154 A).
1215 1074 1308 1150 Quod

162 1197 354 1260 pronomen
378 1178 524 1259 recipere
547 1178 706 1257 vereor³)‚
739 1177 890 1259 qnoniam
914 1177 1010 1240 huius
1034 1177 1210 1240 accusativi
1234 1198 1310 1242 cum

162 1281 338 1344 infinitivo
368 1279 546 1343 subiectum
576 1278 671 1343 facile
700 1279 810 1343 abesse
838 1286 943 1362 potest
971 1300 1008 1344 ac
1035 1301 1104 1365 opes
1127 1281 1160 1342 in
1184 1282 1213 1344 A
1239 1283 1309 1346 sine

163 1383 266 1447 dubio
294 1387 485 1465 corruptum
509 1387 557 1446 est
580 1402 623 1445 ex
642 1403 736 1466 posse.

259 1485 500 1550 Coniunctivus
525 1485 664 1567 denique
689 1486 744 1567 qui
769 1489 817 1547 est
840 1485 872 1546 in
894 1487 921 1547 A
941 1493 1063 1570 possent
1083 1487 1309 1568 comprobatur

164 1610 182 1651 a
206 1590 396 1670 eoeneum,
420 1588 592 1666 Friderica
621 1588 771 1670 Stanglia
803 1588 926 1651 iniuria
949 1594 1063 1651 tamen.
1095 1588 1177 1651 Nam
1202 1593 1308 1654 ortum

165 1711 237 1756 esse
257 1693 399 1772 videtur,
419 1694 587 1774 postquam
603 1693 721 1754 invasit
736 1691 852 1753 falsum
871 1690 951 1753 illud
970 1699 1191 1756 accusarentur
1210 1705 1306 1775 atque

165 1796 294 1858 excidit
320 1795 464 1875 verbum,
488 1794 573 1857 unde
594 1795 747 1877 penderet
764 1793 955 1856 infinitivus.
980 1795 1145 1857 Postremo
1168 1795 1307 1859 Frideri-

166 1901 260 1978 cus4)
286 1899 328 1961 ob
353 1896 386 1958 id
411 1897 498 1978 quod
521 1896 681 1960 antecedit
704 1900 816 1961 nostris
837 1896 915 1976 (scil.
935 1897 1174 1980 defensionibus)
1196 1899 1307 1981 singu-

165 2001 269 2064 larem
299 2000 473 2064 verborum
498 2019 667 2062 numerum
691 2001 725 2062 in
750 1999 979 2062 dubitationem
1005 2001 1131 2062 vocavit
1154 2004 1185 2061 et
1209 2001 1307 2064 scribi

166 2104 264 2166 iussit
299 2103 535 2189 sebepissemu35)
564 2153 570 2165 .
595 2152 602 2164 .
627 2152 632 2164 .
661 2103 898 2168 arbitraremur.
950 2101 1101 2166 Libenter
1136 2102 1164 2164 ei
1200 2123 1305 2186 paren,

166 2225 241 2268 cum
268 2226 336 2269 uon
361 2207 424 2268 nisi
447 2205 508 2269 hoc
531 2205 624 2268 modo
645 2205 855 2268 Abrincensis
878 2204 957 2267 illud
982 2212 1201 2269 coronarentur
1219 2207 1307 2271 unde

167 2312 361 2392 corruptum
398 2308 439 2371 sit
471 2309 610 2390 perspici
641 2309 750 2390 possit.
779 2308 919 2371 Fuerant
943 2309 1028 2370 enim
1061 2309 1095 2369 in
1128 2309 1305 2392 archetypo

167 2410 538 2495 A[RBITR]AREMUR
557 2431 594 2473 ac
613 2411 737 2474 litterae
754 2410 809 2472 NT
824 2410 918 2474 facile
938 2410 1090 2493 leguntur
1108 2430 1164 2492 pro
1184 2409 1226 2472 M.
1257 2411 1305 2476 Ob

167 2534 205 2577 ea
221 2515 331 2598 igitur,
350 2533 431 2597 quae
449 2513 594 2594 disserui,
615 2514 702 2577 hunc
718 2513 824 2576 locum
844 2515 891 2577 sic
907 2513 1111 2576 scribendum
1129 2532 1198 2576 esse
1216 2533 1304 2577 reor:

166 2639 245 2701 quae
269 2617 394 2703 onmem
417 2617 553 2700 exempta
578 2617 791 2702 selepissemus,
816 2619 879 2681 nisi
901 2618 944 2680 oei
967 2623 1039 2681 nota
1061 2637 1121 2680 esse
1144 2611 1228 2686 <oa>
1252 2639 1305 2682 ar-

166 2720 362 2785 bitraremur
384 2721 428 2784 ool
444 2741 532 2804 posse
556 2720 679 2805 seiipere
702 2723 756 2804 qui
773 2727 962 2806 qimoreront.

258 2932 277 3008 p·
293 2927 366 2990 104.
385 2925 544 3001 Quoniam
555 2925 595 2988 ad
606 2925 762 3008 codicum,
776 2926 892 3008 quibus
906 2932 937 2989 et
948 2925 1063 2989 Orator
1074 2930 1105 2988 et
1117 2925 1165 2989 De
1179 2932 1305 2990 oratore

164 3029 239 3093 libri
260 3028 441 3108 traduntur,
460 3028 560 3091 iidem
579 3028 910 3092 recteaestimandam
928 3028 1130 3091 nonnullius
1149 3030 1305 3093 momenti

164 3140 247 3214 sunt,
278 3151 316 3196 ea
336 3150 463 3212 quoque
483 3150 566 3213 quae
586 3136 767 3213 sequuntur
785 3132 924 3195 breviter
943 3131 1090 3194 tractabo.
1114 3132 1304 3194 Invenimus

163 3235 243 3299 haec
268 3237 302 3297 in
318 3234 429 3296 libris:
451 3233 548 3298 Nuba
564 3240 606 3298 esi
622 3237 702 3298 enim
718 3235 780 3299 ulio
795 3238 952 3320 inponere
966 3235 1035 3298 iaus
1053 3238 1195 3315 oratoris,
1214 3238 1304 3300 ouius

162 3341 197 3402 in
216 3341 336 3404 nostris
350 3337 539 3402 orationibus
557 3358 619 3401 non
637 3341 677 3402 sit
694 3338 808 3423 aliqua,
828 3341 855 3402 si
873 3358 933 3401 non
948 3337 1106 3421 perfectio,
1126 3345 1159 3402 at
1177 3344 1305 3402 conatus
1413 3372 1415 3376 ·

163 3448 378 3526 inmensique
395 3440 610 3504 adumbratio:
631 3462 693 3505 non
708 3443 907 3526 assequimur,
924 3448 957 3504 at
973 3441 1048 3526 quid
1065 3443 1147 3525 sipia
1166 3439 1210 3523 [ab
1226 3441 1304 3526 quid

163 3549 248 3632 siqui
267 3547 297 3609 A
321 3551 353 3608 ot
372 3545 447 3630 qorid
469 3543 611 3629 aquia
633 3551 667 3608 at
685 3546 738 3630 qui
760 3547 787 3608 si
806 3545 882 3629 quid
900 3543 945 3606 Ρ1
967 3551 1000 3608 ot
1018 3545 1094 3629 quid
1112 3545 1234 3628 siquid
1253 3543 1301 3606 Ρ2

162 3652 254 3735 atqui
277 3652 305 3713 si
327 3648 403 3732 qnid
427 3645 465 3730 O]
490 3647 591 3711 deceat
613 3648 756 3712 ridemus

258 3751 323 3827 Qui
336 3751 439 3813 varias
453 3751 508 3812 has
520 3749 674 3812 lectiones
688 3751 839 3832 conferet,
853 3751 939 3833 haec,
952 3756 1040 3834 puto,
1054 3750 1302 3813 animadvertet:

162 3854 194 3916 in
216 3853 328 3919 Cosmi
347 3852 532 3936 exemplari,
559 3853 643 3915 unde
665 3853 835 3918 fluxerunt
853 3855 879 3918 P
899 3860 931 3917 et
952 3854 987 3937 O,
1007 3856 1195 3918 exstiterant
1213 3856 1305 3938 atqui

260 4007 280 4077 ¹)
299 4007 507 4078 Heerdegenius
519 4009 550 4062 in
563 4009 606 4062 ed.
621 4025 683 4078 app.
695 4010 754 4064 crit.
769 4027 829 4080 pag.
841 4011 888 4077 33;
903 4012 937 4064 ci.
948 4011 1045 4064 Philet.
1056 4010 1100 4077 44,
1114 4010 1174 4063 680.
1195 4009 1304 4064 Contra

163 4093 311 4163 Stanglins
331 4093 361 4146 in
380 4095 419 4148 Bl.
433 4095 450 4148 f.
464 4096 491 4148 b.
505 4095 536 4149 G.
551 4093 593 4160 18,
613 4095 666 4148 260
686 4096 861 4150 coniecerat:
881 4113 950 4163 quoe
969 4113 1023 4164 epo.

255 4179 277 4248 ²)
298 4176 338 4231 Cf.
351 4179 536 4249 Heerdegenii
549 4179 591 4233 ed.
607 4181 675 4248 prol.
690 4197 751 4250 pag.
765 4181 867 4235 XXVII.

257 4263 281 4333 3)
299 4264 417 4333 Recepit
435 4265 646 4334 Heerdegenius
666 4269 752 4333 ipsam
773 4267 881 4320 Muther
900 4267 999 4321 maluit
1021 4265 1144 4319 scribere
1164 4279 1264 4318 omnes.

255 4352 277 4418 ⁴)
298 4350 396 4406 Philcl.
411 4353 455 4420 44,
475 4353 536 4406 680.

255 4435 277 4502 ὅ)
298 4460 331 4480 =
344 4438 513 4505 aeiepissem'.
