3240 5258
327 492 366 544 De
385 489 514 559 Gregorii
530 489 703 545 Nazianzeni
722 491 896 547 orationibus
915 492 1086 549 funebribus.
1201 489 1263 551 149

122 663 182 728 ilco
202 683 248 745 τε,
276 667 392 726 contra
416 663 531 725 ceteris
550 662 630 726 loeis
649 661 746 745 idque
765 665 891 747 saepius
915 664 973 730 lico
991 684 1025 728 τε
1043 715 1050 729 .
1067 715 1073 728 .
1091 715 1097 728 .
1118 669 1168 730 καὶ
1187 666 1265 748 διο),

121 765 224 847 030,
251 765 282 828 Β
304 765 355 845 63,
380 763 467 827 B'il
492 763 525 846 (S
540 764 587 828 IV
612 766 696 846 564).

215 888 298 931 τοι;
331 865 418 930 οὕτω
447 885 495 929 τοι
523 865 601 947 043
632 867 683 930 διὰ
705 866 804 930 ταῦτά
826 888 873 931 τοι
897 867 997 949 Β76;
1023 867 1069 932 ὅτι
1091 889 1139 932 τοι
1162 869 1265 947 Β49,

119 976 257 1036 πολλοῖς
283 991 323 1046 γε
346 972 394 1034 τοί
419 969 514 1034 626.

215 1075 399 1152 τοιγαροῦν
425 1070 520 1154 626,
538 1074 589 1155 36,
607 1075 658 1155 38,
683 1093 701 1137 a
725 1092 789 1155 qua
811 1075 968 1156 particula
992 1075 1191 1139 enuntiatum
1212 1095 1267 1140 ex-

120 1179 264 1258 orditur,
291 1182 331 1240 ut
354 1177 536 1240 Atticorum
561 1196 640 1240 usus
664 1177 695 1258 (S
712 1177 728 1240 I
746 1179 797 1259 50,
815 1178 856 1240 66
877 1179 955 1260 eto).

214 1281 332 1344 τοίνυν
366 1297 528 1360 nusquam
560 1281 698 1363 primum
729 1281 837 1344 laeum
869 1282 902 1343 in
939 1282 1112 1345 enuntiatis
1147 1282 1269 1346 obtinet

120 1385 222 1467 (siv
243 1384 342 1464 565):
370 1382 463 1464 020,
487 1382 583 1465 1316,
602 1386 652 1465 17,
670 1385 720 1466 62,
745 1383 818 1465 05,
836 1385 886 1446 34.

217 1485 354 1563 Quibus
365 1486 520 1569 expositis
531 1493 661 1570 apparet
671 1485 861 1570 Gregorium
870 1486 956 1551 haud
967 1506 1085 1569 paucas
1096 1487 1269 1570 particulas

122 1590 305 1675 sprevisse,
332 1606 415 1668 quas
434 1587 603 1651 Atticistae
626 1589 850 1671 adhibuerunt,
874 1595 911 1654 ut
929 1589 1006 1653 ἀλλὰ
1025 1591 1095 1672 μήν,
1116 1590 1194 1654 ἀλλά
1213 1611 1269 1673 τοι,

123 1693 204 1758 ἀλλὰ
231 1694 274 1769 δὴ
308 1689 365 1771 αὖ,
398 1689 439 1754 αὖ
467 1690 568 1773 πάλιν,
592 1690 685 1773 ἀτάρ,
712 1693 772 1770 γὰρ
801 1692 870 1772 οὖν,
893 1711 928 1767 γε
955 1693 1024 1774 μήν,
1048 1694 1110 1771 γὰρ
1136 1694 1189 1774 δή,
1209 1693 1269 1771 γάρ

122 1816 179 1876 τοι,
205 1793 349 1872 δηλαδή,
375 1791 488 1873 δήπου,
512 1793 551 1870 δή
575 1812 661 1874 ποτε,
685 1797 773 1876 δῆτα,
797 1797 833 1857 δὲ
852 1795 901 1875 δή,
920 1797 1027 1874 δῆθεν,
1048 1797 1097 1858 καὶ
1116 1796 1185 1876 μήν,
1208 1816 1270 1859 τοι·

123 1897 247 1976 γαρτοί.
292 1893 358 1958 Sed
384 1912 459 1956 oum
482 1895 627 1975 quaestio
651 1914 722 1959 mea
744 1915 809 1959 non
832 1897 896 1958 nisi
915 1895 955 1958 ad
974 1915 1103 1978 parvam
1124 1897 1271 1980 Gregorii

124 2002 333 2083 scriptorum
352 2002 476 2080 partem
495 1998 660 2080 pertineat,
684 1999 759 2062 fieri
777 2003 889 2082 potest,
913 2003 949 2061 ut
967 2017 1009 2062 ex
1027 1998 1077 2062 his
1096 2000 1270 2083 particulis,

126 2123 270 2186 quarum
296 2099 475 2164 nonnullae
498 2100 583 2183 apud
606 2101 732 2165 Atticos
750 2102 837 2184 ipsos
856 2102 889 2164 et
905 2101 1071 2164 Atticistas
1090 2103 1269 2165 rarissimae

125 2207 200 2288 sint,
226 2206 256 2269 si
282 2224 354 2268 non
378 2223 497 2286 omnes,
521 2209 659 2268 attamen
683 2204 862 2287 complures
888 2206 923 2266 in
943 2206 1059 2268 ceteris
1077 2205 1271 2270 Nazianzeni

127 2309 286 2392 operibus
306 2306 523 2369 inveniantur.
555 2307 627 2370 Ηοο
645 2326 722 2370 vero
745 2309 857 2390 negari
875 2327 940 2370 non
958 2312 1062 2389 potest
1080 2307 1271 2391 Gregorium

127 2412 228 2476 etiam
254 2429 323 2473 usu
350 2408 581 2490 particularum
610 2407 773 2472 studuisse
798 2409 936 2473 colorem
958 2410 1104 2473 Atticum
1131 2412 1273 2475 sermoni

128 2533 186 2579 suo
211 2535 253 2579 ao
275 2513 415 2576 diotioni
439 2511 572 2593 illinere,
592 2510 626 2573 id
646 2511 731 2593 quod
750 2512 825 2575 inde
848 2511 943 2576 facile
963 2512 1166 2595 perspicitur,
1187 2513 1273 2596 quod

129 2618 265 2682 adhibet
292 2615 366 2696 ἄρα,
385 2618 475 2696 γοῦν,
499 2614 527 2678 δ’
546 2616 613 2696 οὖν,
638 2615 696 2696 boi,
716 2617 765 2679 καὶ
782 2615 831 2695 δή,
855 2617 904 2677 καὶ
928 2615 1041 2696 μέντοι,
1066 2614 1104 2677 οὐ
1124 2618 1179 2693 μὲν
1204 2615 1271 2696 οὖν,

129 2742 235 2785 τε...
261 2739 307 2800 τε,
337 2737 373 2780 τε
394 2717 456 2795 γὰρ
484 2716 583 2800 (quod
612 2719 777 2780 enuntiata
801 2717 986 2800 coniungit),
1010 2738 1065 2800 τοι,
1093 2721 1272 2799 τοιγαροῦν,

129 2826 249 2889 τοίνυν.
278 2820 434 2902 Denique
453 2819 514 2884 hoo
533 2819 709 2883 notandum
727 2824 775 2883 est
794 2821 936 2902 singulas
952 2821 1123 2904 particulas
1147 2839 1274 2903 semper

4 2982 5 3001 ,
131 2931 244 2993 tenere
279 2944 360 2990 eum
389 2923 505 3005 locum,
537 2941 633 3004 quem
660 2923 760 2986 Attici
791 2924 831 2986 iis
862 2923 1029 3006 adsignare
1060 2923 1210 3005 solebant,
1242 2929 1274 2988 et

132 3032 272 3095 eandem
286 3025 563 3110 significationem
575 3025 735 3108 praebere,
749 3045 846 3107 quam
858 3026 943 3109 apud
950 3027 1076 3091 Atticos
1084 3027 1272 3090 habuerunt

580 3319 618 3384 Ι).
642 3319 695 3384 De
721 3321 837 3384 hiatu.

225 3466 315 3530 Cum
342 3458 516 3541 Gregorius
546 3479 658 3522 rursus
691 3464 787 3541 atque
817 3460 935 3523 iterum
964 3460 1150 3541 pronuntiet
1178 3465 1274 3543 atque

133 3571 336 3652 profiteatur
360 3581 394 3625 se
413 3582 515 3645 nugas
531 3562 601 3626 illas
616 3562 772 3625 sermonis
789 3561 903 3626 Graeci
920 3582 957 3625 ao
972 3561 1170 3645 subtihtateS,
1195 3583 1274 3645 quas

6 3725 7 3756 ,
133 3675 303 3757 prioribus
329 3667 424 3731 annis
444 3667 633 3748 exercuerit,
650 3685 780 3748 prorsus
796 3665 966 3749 repudiare
983 3669 1015 3728 et
1029 3683 1189 3749 respuere,
1214 3684 1276 3729 neo

6 3811 7 3817 κ
134 3779 235 3842 semel
259 3770 364 3838 modo
390 3769 447 3834 sed
473 3769 600 3852 saepius
623 3769 795 3833 invehatur
817 3769 852 3830 in
876 3774 1017 3832 oratores
1038 3787 1186 3850 paganos,
1210 3768 1274 3850 qui,

136 3901 209 3944 oum
219 3875 377 3944 minutiis
386 3874 616 3956 elegantiisque
627 3871 776 3935 dictionis
788 3876 823 3935 ut
832 3876 959 3955 tempus
970 3876 1144 3952 conterant,
1152 3869 1197 3932 ita
1205 3888 1275 3932 rem

7 3995 8 3998 ’
134 3985 323 4069 neglegant,
337 3979 444 4041 tamen
454 3996 560 4060 neque
569 3995 843 4059 supervacaneum
853 3995 959 4058 neque
972 3996 990 4037 a
1001 3975 1186 4056 quaestione
1199 3974 1275 4037 alio-

7 4083 8 4102 *
135 4108 213 4152 nuru
231 4103 309 4153 esse
328 4080 409 4143 duxi
424 4080 627 4165 investigare,
645 4083 771 4164 qualem
785 4080 958 4166 Gregorius
973 4081 1008 4143 in
1024 4081 1112 4144 hiatu
1126 4079 1276 4144 evitando

135 4210 169 4256 se
192 4185 403 4277 praebuerit,
432 4184 565 4249 interest
593 4185 680 4249 enim
707 4186 797 4265 seire,
826 4186 932 4267 qualia
955 4204 997 4248 ex
1020 4186 1089 4249 istis
1112 4185 1277 4248 rhetorum

136 4296 289 4362 artificiis
306 4289 365 4353 ille
380 4290 568 4372 probaverit,
594 4291 699 4372 qualia
714 4289 937 4373 repudiaverit.
961 4289 1056 4354 Valet
1074 4295 1181 4353 autem
1196 4288 1277 4353 haee

8 4395 11 4440 ἶ
137 4396 336 4484 disceptatio
361 4412 427 4455 non
449 4394 553 4458 solum
569 4393 609 4456 ad
634 4393 805 4458 dictionem
830 4392 975 4478 Gregorii
1004 4393 1119 4458 melius
1143 4410 1277 4475 eognos-
