3270 5250
164 457 249 547 [307]
506 460 545 514 De
564 457 808 515 Pseudo-Luciam
832 459 993 520 Amoribus.
1275 459 1319 522 45

164 658 324 724 usurpare
345 633 482 700 auctori
493 637 601 696 nostro
613 632 732 696 licebat
743 649 851 713 neque
864 639 938 700 ante
951 634 1171 700 Ptolemaeum
1185 637 1235 701 vel
1248 639 1320 702 eius

165 748 335 807 auctorem
347 735 573 802 tradebantur.
588 735 663 818 Ipso
676 742 786 799 autem
800 733 993 819 Ptolemaoq
1006 744 1135 818 καινῆι
1154 740 1320 818 ἱιτορίαι

166 851 307 926 auctore,
325 847 483 906 nostrum
499 857 594 902 usum
608 858 679 904 esse
696 840 787 902 hisce
804 857 845 902 ex
862 841 970 906 verbis
986 843 1040 922 (15
1057 863 1085 926 p.
1097 843 1174 922 414)
1191 843 1321 908 videtur

166 956 293 1033 patere:
315 946 355 1010 Ἡ
379 947 418 1007 δὲ
437 946 619 1020 παρεετῶια
639 991 744 1007 .....
766 942 902 1022 ζάκοροι
918 945 1049 1010 &alcaeo
1064 947 1164 1022 λόγου
1185 949 1319 1026 καινήν

167 1054 362 1131 παρέδωκεν
383 1048 462 1111 lero
469 1046 561 1122 ρίαν.
584 1045 652 1108 Iam
672 1051 708 1109 ut
727 1063 811 1126 quae
831 1051 925 1112 antea
944 1049 985 1112 de
1002 1048 1110 1114 fabula
1131 1049 1320 1118 constabant

168 1155 353 1233 audiamus,
371 1149 574 1213 Clementem
589 1147 849 1212 Alexandrinum
867 1155 1031 1235 (protrept.
1049 1155 1089 1217 57
1107 1152 1123 1217 Ι
1144 1154 1195 1236 63,
1213 1155 1254 1218 25
1271 1175 1319 1240 sq.

169 1259 281 1340 Ilind.)
306 1255 509 1319 referentem
527 1251 735 1316 inducamus:
762 1251 875 1318 Οὔτιοι
895 1255 913 1318 ὁ
935 1255 1070 1332 Κύπριοι
1090 1257 1109 1320 ὁ
1128 1255 1320 1336 Πυγμαλίων

170 1363 294 1426 ἐκεῖνος
324 1357 535 1435 ἐλεφαντίνου
563 1355 681 1434 ἠράιθη
712 1352 890 1432 ἀγάλματος
913 1395 956 1402 -
984 1358 1022 1420 τὸ
1051 1357 1175 1436 ἄγαλμα
1204 1359 1319 1439 Ἀφρο-

171 1469 258 1544 δίτη(
281 1465 321 1541 ἦν
347 1463 399 1525 καὶ
419 1461 521 1536 γυμνὴ
541 1458 580 1535 ἦν
603 1495 663 1540 -,
688 1461 807 1524 νικᾶται
833 1459 851 1522 ὁ
876 1461 1011 1538 Κύπριοι
1034 1466 1090 1525 τῶι
1114 1462 1244 1540 εχήματι
1268 1468 1319 1530 καὶ

173 1568 358 1645 ειινὲρχεται
369 1567 429 1626 τῶι
442 1561 598 1643 ἀγάλματι,
614 1564 663 1624 καὶ
678 1563 775 1625 τοῦτο
794 1561 1030 1642 Φιλοιτὲφανοι
1042 1564 1163 1640 ἱιτορεῑ.
1183 1565 1318 1643 Ἀφρο-

174 1673 258 1748 δίτη
292 1667 325 1732 δ’
348 1667 439 1742 ἄλλη
472 1664 511 1728 ἐν
542 1665 675 1729 Κνίδωι
704 1665 809 1728 λίθοι
838 1666 880 1743 ἠν
909 1667 967 1730 καί
995 1668 1087 1744 καλή
1112 1666 1163 1747 ἠν,
1188 1669 1319 1745 ἕτεροι

173 1773 319 1852 ἠράεθη
353 1769 490 1844 ταύτηι
523 1769 580 1831 καὶ
609 1768 778 1846 μίγνυται
811 1763 868 1846 τῆι
901 1769 1031 1832 λίθωι·
1058 1768 1319 1840 Ποιείδιπποι

174 1875 317 1951 ἱιτορεῑ
334 1872 352 1935 ὁ
371 1873 429 1950 μὲν
445 1869 600 1948 πρότεροι
616 1871 650 1933 ἐν
665 1874 721 1933 τῶι
737 1872 807 1947 περὶ
825 1870 961 1952 Κύπρου,
982 1870 1001 1933 ὁ
1019 1870 1047 1933 δ’
1065 1871 1172 1947 ἕτεροι
1192 1871 1229 1935 ἐν
1251 1879 1317 1941 τῶι

176 1979 260 2056 περὶ
282 1976 429 2038 Κνίδου.
459 1974 568 2054 Atque
586 1977 710 2037 constat
722 1971 1007 2056 Philostephanum
1025 1974 1227 2056 Cyrenaeum
1245 1981 1317 2056 περὶ

177 2081 284 2156 νήεων
310 2076 480 2160 scripsisse
503 2075 628 2157 librum,
653 2077 746 2140 cuius
769 2096 843 2158 pars
866 2077 993 2140 libellus
1017 2077 1070 2141 ille
1094 2079 1163 2154 περὶ
1189 2077 1317 2158 Κύπρου

178 2182 310 2245 videtur
336 2181 440 2244 fuisse
471 2178 644 2261 (Susamihl
667 2179 683 2242 I
707 2180 782 2261 476,
798 2181 846 2262 ιο).
888 2180 1006 2243 Contra
1037 2181 1211 2263 quaeritur,
1242 2185 1317 2262 quis

180 2285 279 2348 fuerit
300 2284 355 2348 ille
379 2282 621 2365 Posidippus.
656 2283 760 2359 Quem
783 2284 947 2348 eundern
975 2302 1045 2347 esse
1069 2288 1164 2364 atque
1188 2289 1317 2365 poetam

183 2384 541 2470 epigrammaticum
556 2390 628 2468 post
639 2385 792 2448 Vossium
803 2386 914 2448 statuit
926 2384 1044 2449 Miiller
1059 2383 1157 2467 (FHG
1169 2383 1215 2448 IV
1229 2387 1316 2471 462).

182 2490 253 2554 Ηοο
277 2490 407 2572 quidem
438 2508 503 2551 non
531 2489 683 2571 probatur
709 2487 902 2552 Susemihlio
926 2487 1055 2568 (11400
1080 2486 1160 2569 adu,
1186 2488 1260 2572 530,
1276 2497 1317 2576 ιι)

184 2593 349 2656 adnotanti
369 2591 467 2655 schol.
482 2592 585 2674 Apoll.
602 2592 704 2655 Rhod.
720 2590 736 2653 I
754 2593 849 2674 1289,
872 2610 934 2673 quo
955 2591 1147 2674 Posidippus
1169 2591 1316 2672 ἐπιγραμ-

186 2696 390 2775 ματογράφοε
415 2692 549 2775 dicitur3
574 2714 680 2778 neque
704 2714 780 2758 vero
805 2699 935 2779 propter
958 2695 1020 2759 hoc
1044 2713 1230 2776 cognomen,
1252 2716 1316 2779 quo

185 2799 223 2862 ab
234 2798 380 2863 eiusdem
391 2798 530 2862 nominis
544 2800 665 2863 cornico
675 2810 769 2883 poeta
780 2800 1004 2880 distinguatur,
1013 2800 1080 2863 sola
1090 2800 1317 2881 epigrammata

186 2902 222 2964 ab
244 2921 282 2966 eo
304 2902 481 2988 composita
505 2921 574 2965 esse
599 2904 769 2984 quisquam
794 2902 944 2985 posuerit.
971 2902 1120 2984 Denique
1140 2902 1174 2965 P.
1197 2901 1316 2990 Sclrott,

186 3003 349 3087 Posidippi
366 3003 594 3085 epigrammata
611 3005 744 3068 collecta
760 3008 791 3068 et
807 3005 929 3084 illustr,
946 3005 1057 3086 (1905)
1076 3006 1138 3068 110
1152 3023 1197 3086 sq.
1219 3026 1317 3090 quao-

186 3109 322 3172 stionem
346 3107 381 3168 in
405 3106 511 3169 medio
534 3107 694 3191 relinquit.
720 3108 808 3172 Haec
832 3126 903 3170 meo
928 3107 1048 3172 iudicio
1072 3109 1147 3172 inde
1173 3110 1317 3196 solvitur,

186 3211 269 3292 quod
289 3211 377 3273 idem
396 3208 595 3274 Αἰθιοπίαν
620 3212 856 3294 conscripsil1);
881 3209 998 3273 Athen.
1015 3210 1098 3274 XIII
1118 3213 1213 3276 5960
1238 3216 1317 3281 haec

185 3378 339 3444 nominata,
354 3377 464 3444 nescio;
479 3377 616 3447 suspicari
626 3395 694 3432 vero
707 3380 799 3448 possis
810 3393 874 3433 eum
885 3376 1005 3432 Thracio
1016 3377 1118 3448 oppido
1130 3379 1220 3433 electo
1230 3381 1317 3436 animi

185 3463 360 3519 ferocitatem
380 3462 538 3530 significare
557 3464 689 3518 voluisse.

278 3549 297 3618 ¹)
321 3546 422 3600 Athen.
440 3547 499 3600 Xlll
526 3549 579 3602 596
592 3548 641 3617 cd,
674 3549 749 3604 4910
775 3545 925 3604 Αἰθιοπίαν
952 3553 979 3602 et
1007 3548 1145 3603 Ἀτιιιπίαν
1170 3557 1316 3608 memorat.

185 3636 317 3691 Meinekii
344 3634 535 3690 conlecturam
557 3633 674 3689 Ἀτιιιπίι
701 3638 810 3706 accepit
829 3635 928 3689 Kaibel
953 3637 984 3690 in
1006 3637 1143 3691 Athenaei
1167 3636 1260 3692 indice
1281 3639 1316 3709 (.

186 3719 252 3775 lloc.
264 3719 364 3788 11656)
376 3721 592 3775 etiamAlbrorrlc
605 3721 751 3790 proferens
764 3721 842 3775 hisce
855 3719 950 3774 verbis
963 3721 1078 3776 additis:
1093 3723 1188 3776 ‘unum
1202 3740 1318 3781 carmen

186 3806 272 3860 fuisse
301 3805 361 3860 sive
389 3804 539 3860 Αἰθιοπίδα
564 3807 624 3860 sive
640 3803 780 3860 Ἀιιιιπίδα
805 3805 853 3858 vix
875 3804 943 3858 mihi
970 3806 1100 3861 dubium’.
1133 3807 1272 3863 Susemihl
1294 3810 1317 3865 ll

186 3891 246 3962 532,
256 3917 280 3948 rs
305 3893 384 3946 litem
408 3893 598 3952 nondirimit.
619 3891 718 3962 Christ,
745 3893 844 3948 Gesch.
865 3893 889 3946 d.
904 3891 1006 3961 griech.
1021 3892 1085 3946 Lit⁴
1104 3893 1156 3945 532
1178 3888 1317 3948 Ἀειιιπίαν

186 3979 306 4048 scripsit.
338 3977 436 4031 Schott
454 3978 471 4031 l.
486 3978 520 4032 99
532 3995 571 4047 sq.
594 3978 751 4032 Αἰιωπείαν
771 3978 924 4047 proposuit,
946 3995 1030 4046 quam
1049 3978 1207 4047 lectionem,
1227 3978 1318 4048 prius-

187 4077 269 4131 quam
297 4061 352 4116 viri
382 4061 456 4118 docti
483 4064 636 4132 disputatio
663 4064 731 4117 rnihl
756 4063 890 4132 innotuit,
919 4080 1030 4118 mecum
1056 4062 1197 4132 reputavi;
1226 4080 1318 4132 neque

185 4163 331 4203 ueroeam
349 4147 415 4201 ferri
434 4164 518 4215 posse
537 4149 623 4217 paulo
642 4153 705 4217 post
724 4148 793 4202 mihi
813 4148 950 4216 persuasi.
971 4149 1039 4216 Quis
1059 4148 1134 4202 enim
1148 4163 1262 4202 carmen
1283 4149 1318 4206 de

186 4231 297 4303 Aesopo
315 4237 400 4303 poeta
417 4232 593 4302 inscripserit
608 4233 788 4288 Alcmneluv?
809 4233 908 4288 Nonne
923 4235 1005 4304 quasi
1022 4230 1319 4292 illudltur’Obuctrloc

186 4317 282 4374 titulus
309 4320 355 4372 vel
375 4319 447 4372 alius
474 4319 617 4387 carminis,
644 4336 699 4388 quo
719 4321 817 4387 ἥρωα(
836 4319 895 4373 vita
919 4321 1107 4375 describitur?
1136 4320 1226 4389 Atque
1246 4320 1318 4377 adeo

187 4402 239 4471 ipsi
259 4403 383 4460 comici
402 4404 504 4458 fabulis
530 4405 647 4458 nomina
666 4407 808 4471 Αἰιιιιπον,
831 4403 1002 4475 Ἀρχίλοχον,
1023 4405 1160 4475 Ἠιίοδον,
1183 4406 1319 4471 Ὅμηρον
