3228 5268
361 475 405 539 60
803 480 914 534 Xaver
931 479 1049 548 Horeb,

359 658 458 735 atquo
488 653 650 736 potentiae
680 651 908 736 opprimendae
939 669 1036 716 causa
1062 669 1098 716 se
1122 650 1301 716 contulerat
1312 652 1344 733 ¹),
1376 655 1408 715 et
1436 650 1492 714 ubi

360 760 434 840 post
455 755 543 819 illius
570 760 705 820 mortem
728 772 832 836 usque
856 754 897 818 ad
920 759 1113 818 autumnum
1134 755 1213 818 anni
1236 756 1300 818 381
1323 759 1491 818 manserat.

360 858 486 936 Quibus
516 877 559 923 ex
588 857 696 923 verbis
725 857 791 921 iam
820 857 967 940 Gregorii
999 856 1171 920 scholiasta
1203 873 1387 936 anonymus
1418 875 1491 920 con-

360 962 501 1026 cluserat
523 960 716 1045 Gregorium
745 962 923 1024 orationem
952 961 1103 1042 nostram,
1133 964 1305 1042 postquam
1337 959 1492 1023 Constan-

359 1064 495 1148 tinopoli
518 1064 673 1145 discessit,
703 1063 882 1127 confecisse
905 1061 1027 1145 (Migne
1050 1061 1085 1125 P.
1103 1060 1155 1125 Gr.
1172 1062 1224 1143 36,
1248 1063 1314 1125 496
1339 1067 1404 1125 not.
1422 1063 1490 1144 38):

359 1165 453 1230 ‘dorae
475 1168 532 1231 τὸν
555 1167 701 1244 παρόντα
715 1165 814 1241 λόγον
838 1163 913 1242 μετὰ
935 1165 971 1227 τὸ
995 1167 1150 1228 κατελθεῖν
1175 1165 1239 1228 ἀπὸ
1254 1169 1310 1242 τῆε
1332 1165 1492 1228 Κωνεταν-

359 1269 577 1333 τινουπόλεωε
605 1267 862 1348 ἐκοεοωκέναι’;
891 1285 997 1350 neque
1020 1267 1114 1332 aliter
1135 1267 1198 1330 viri
1221 1267 1308 1332 docti
1334 1271 1492 1332 nostrates

359 1371 595 1436 iudicaverunt
624 1370 709 1454 Ergo
733 1371 834 1434 oratio
856 1373 929 1452 post
944 1374 1136 1434 autumnum
1159 1372 1236 1434 anni
1252 1372 1316 1435 381
1334 1370 1423 1435 edita
1438 1376 1491 1434 est

451 1474 502 1537 Ad
525 1476 738 1538 accuratiores
767 1477 875 1538 autem
897 1474 1050 1557 temporis
1079 1473 1234 1536 terminos
1256 1473 1491 1556 perveniemus,

360 1579 390 1642 si
414 1577 729 1660 consideraverimus,
754 1577 882 1660 qualem
905 1575 1080 1658 Gregorius
1102 1575 1138 1637 iu
1153 1574 1394 1658 Apollinarium
1410 1577 1493 1639 eius·

361 1697 426 1762 que
450 1679 627 1743 doctrinam
650 1699 684 1744 se
707 1677 898 1763 praebuerit
922 1680 1031 1760 Atque
1053 1678 1195 1762 primum
1218 1676 1352 1759 quidem
1368 1683 1494 1742 constat

360 1782 552 1866 Gregorium
563 1803 628 1847 non
639 1789 713 1871 ante
725 1803 847 1847 annum
858 1785 921 1847 381
936 1781 1175 1866 deApollinarii
1187 1781 1333 1846 dootnna
1344 1781 1493 1845 edoctum

362 1904 446 1968 esse,
473 1886 572 1968 idque
599 1907 671 1953 mea
697 1889 856 1953 sententia
882 1887 943 1951 sub
970 1885 1071 1950 linem
1098 1887 1175 1950 anni
1203 1887 1311 1967 381²).
1351 1884 1493 1949 Draselre

360 1991 448 2056 euim
471 1991 668 2073 argumentis
683 1990 831 2073 probavit
845 1990 1037 2073 Gregorium
1053 2008 1137 2053 anno
1154 1989 1284 2052 demum
1301 1989 1366 2052 382
1386 1989 1492 2071 priore

362 2092 497 2176 epistola
520 2092 561 2154 ad
576 2091 766 2156 Gledonium
789 2092 864 2156 data
884 2092 1011 2156 fortiter
1034 2097 1144 2155 contra
1159 2091 1400 2175 Apollinarium
1415 2101 1493 2174 pug-

361 2196 499 2277 navisse,
529 2193 563 2257 id
587 2195 674 2276 quod
697 2213 801 2278 usque
826 2193 867 2259 ad
889 2195 970 2258 illud
999 2200 1126 2278 tempus
1153 2195 1299 2258 nondum
1322 2192 1491 2276 leocrat³);

455 2336 474 2406 1)
495 2335 599 2391 Omnes
617 2335 671 2390 viri
695 2337 779 2405 docti,
804 2337 852 2406 qui
871 2335 906 2391 de
925 2337 1058 2406 Gregorio
1082 2339 1205 2405 egerunt,
1225 2334 1408 2390 consentiunt
1431 2351 1493 2390 eum

362 2437 439 2476 anno
453 2420 566 2474 demum
579 2421 632 2476 379
650 2419 923 2490 Constantinopolim
941 2420 1112 2491 pervenisse.
1141 2420 1218 2474 Idem
1236 2419 1387 2475 Driselre
1405 2432 1494 2489 nuper

361 2503 492 2573 repetivit
501 2504 640 2574 (Theolog.
655 2505 773 2559 Studien
784 2523 810 2559 u.
825 2505 952 2560 Kritiken
963 2506 1018 2560 vol.
1032 2505 1076 2574 65,
1095 2504 1184 2574 [1892]
1203 2521 1246 2574 pg.
1256 2504 1335 2574 479);
1354 2505 1413 2559 'Bis
1432 2521 1493 2559 zum

362 2590 448 2644 Jahre
472 2589 525 2643 379
549 2591 639 2659 genoli
663 2606 693 2643 er
719 2590 812 2645 dieser
837 2591 960 2660 heiligen
981 2591 1070 2658 Ruhe,
1096 2604 1150 2643 nur
1171 2588 1201 2658 je
1225 2589 1302 2643 dann
1327 2589 1387 2643 und
1410 2605 1494 2644 wanu

363 2676 499 2730 w'a'hrend
523 2676 572 2730 der
594 2676 779 2746 Bedriickung
803 2675 852 2729 der
875 2675 976 2729 Kirche
1001 2678 1082 2729 unter
1099 2675 1203 2728 Valens
1227 2674 1327 2729 fernen
1346 2675 1494 2729 Freunden

362 2759 493 2814 briellich
511 2762 575 2830 Rat,
595 2759 676 2815 Trost
694 2760 752 2816 und
770 2759 917 2829 Zuspruch
935 2759 1089 2828 spendend.
1123 2761 1189 2815 Hier
1207 2761 1237 2815 in
1256 2761 1418 2816 Seleucia
1436 2777 1494 2815 war

364 2861 403 2913 ee,
422 2861 466 2898 wo
486 2845 535 2898 ihn
554 2845 599 2900 die
618 2845 770 2900 Nachricht
789 2861 846 2900 von
866 2845 930 2900 dem
943 2845 1018 2901 Tode
1037 2846 1132 2900 seines
1150 2845 1289 2901 Basileios
1307 2845 1344 2916 (1.
1355 2847 1418 2901 Jan.
1432 2845 1492 2914 379)

363 2929 478 2984 ereilte'.
517 2929 596 2998 Quod
627 2930 728 2999 legitur
758 2929 843 2984 etiarn
875 2929 951 2997 apud
980 2930 1213 2987 Ullmannum
1244 2931 1271 3000 (l.
1298 2949 1323 2986 c.
1354 2949 1399 3002 pg.
1424 2931 1493 3000 104),

363 3011 609 3082 Bdhringerum
628 3014 654 3083 (l.
673 3030 696 3067 c.
717 3031 760 3083 pg.
775 3013 846 3083 207),
864 3013 1059 3068 Benoitium
1077 3014 1106 3084 (1.
1121 3033 1144 3070 c.
1164 3031 1207 3086 pg.
1222 3015 1293 3084 382).
1319 3016 1494 3086 Quamquam

364 3101 473 3153 certum
491 3098 640 3152 terminum
659 3114 718 3152 non
737 3099 853 3166 praebet
869 3097 1113 3155 Tillemontius
1126 3100 1154 3168 (l.
1169 3117 1191 3154 c.
1206 3100 1242 3153 lX
1255 3100 1329 3170 779),
1350 3117 1415 3155 cum
1428 3101 1494 3155 dicit

364 3181 528 3251 Gregorium
546 3182 605 3237 iarn
623 3186 688 3250 ante
709 3182 783 3236 diem
792 3181 848 3235 XX.
862 3182 965 3251 Aprilis
983 3182 1052 3237 anni
1064 3184 1118 3238 379
1132 3184 1378 3253 Constantinopoli
1397 3185 1492 3254 fuisse,

364 3273 461 3324 tamen
479 3273 572 3338 potest
591 3269 779 3323 demonstrari
799 3267 924 3337 Gregorii
942 3267 1031 3337 ipsius
1051 3270 1154 3337 verbis
1182 3287 1247 3324 eum
1270 3269 1327 3324 iam
1352 3275 1419 3326 ante
1442 3271 1493 3324 379

363 3355 394 3409 in
406 3355 456 3409 illa
468 3355 538 3409 urbe
549 3355 646 3408 fuisse.
666 3353 739 3409 Dicit
752 3354 826 3408 enirn
840 3370 881 3422 cp.
893 3354 923 3407 2:
943 3355 1110 3421 ‘duopvricnr
1124 3355 1149 3408 δ’
1164 3355 1216 3408 οὖν
1230 3356 1318 3422 δμωε,
1333 3356 1377 3408 ὠν
1393 3356 1492 3422 μεταξὺ

364 3438 430 3506 περὶ
447 3440 500 3491 τὸν
519 3441 611 3505 ἀληθῆ
631 3439 719 3502 λόγον
739 3438 918 3504 ὴεχολήμεθα
936 3439 1138 3494 κινδυνεύοντα
1158 3443 1251 3494 καλῶ(
1271 3441 1431 3506 βιαεθέντεε
1450 3440 1494 3495 καὶ

364 3525 435 3578 κατὰ
448 3525 522 3577 Θεὸν
534 3524 601 3576 ituit
615 3525 693 3589 tren
702 3539 758 3588 μοι
770 3522 969 3592 γεγονότεε,
987 3523 1041 3576 καὶ
1055 3524 1124 3578 οὐδ’
1140 3525 1205 3578 ἀπὸ
1218 3525 1360 3590 γνώμη(
1373 3525 1492 3594 ἐκείνῳ

363 3614 410 3677 τῷ
430 3607 575 3677 γενναίῳ
596 3612 655 3674 τῆε
675 3606 838 3674 ἀληθεία(
858 3608 1027 3677 ἀγωνιετῄ
1047 3608 1074 3677 (i.
1095 3626 1118 3664 e.
1138 3608 1269 3677 Basilio);
1290 3609 1336 3663 cui
1354 3610 1494 3664 consent't

364 3693 423 3747 vita
446 3692 572 3762 Gregorii
597 3709 614 3747 a
638 3691 802 3761 Gregorio
827 3693 1033 3761 Presbytero
1062 3693 1192 3748 confecta
1217 3692 1319 3762 (Migne
1342 3695 1386 3763 35,
1415 3695 1492 3763 276);

365 3775 425 3830 ’Καὶ
443 3777 560 3846 τοιαὺτῃ
585 3777 785 3844 παρακελεὺεει
808 3778 920 3844 κινήεαε
938 3779 990 3830 τὸν
1015 3778 1106 3842 ἀνδρα
1129 3775 1168 3830 cic
1190 3779 1224 3830 τὸ
1246 3777 1400 3831 Βυζάντιον
1425 3782 1493 3832 ἀπο-

365 3861 470 3914 ετέλλει
484 3904 489 3915 .
504 3901 529 3915 ..
550 3864 565 3914 ὁ
586 3864 617 3916 δὲ
640 3861 739 3916 αὐτίκα
760 3861 901 3916 Βαειλεὶου
919 3866 972 3914 τοῦ
998 3863 1120 3926 μεγάλου
1146 3865 1302 3929 φωετῆροε
1319 3864 1375 3929 τήν
1400 3864 1493 3930 ὁρμὴν

366 3943 444 4015 αὐτῷ
465 3946 706 4000 ευνεττιτείνοντοε
725 3947 770 4000 καὶ
789 3948 863 4014 πρὸ(
880 3947 950 3999 τοὺ(
968 3947 1175 4011 πνευματικοῦ(
1196 3949 1309 4010 ἀγῶνα(
1322 3948 1492 4015 ἀλείφονται

365 4031 460 4084 ἀλλων
473 4047 504 4084 τε
516 4030 656 4084 πλείετων
670 4032 826 4097 ἀρχιερέων
837 4070 842 4082 .
855 4070 861 4082 .
874 4072 880 4084 .
894 4021 1123 4095 ἀντιβολούντων
1137 4071 1143 4082 .
1159 4071 1164 4085 .
1179 4075 1184 4086 .
1197 4035 1232 4100 τῇ
1249 4031 1366 4097 βαειλίδι
1379 4034 1491 4100 παρῆν.

456 4113 477 4184 ¹)
495 4116 658 4183 Drliselre‚
668 4115 797 4184 Theolog.
812 4115 888 4169 Stud.
902 4131 929 4169 u.
943 4114 1070 4169 Kritiken
1082 4117 1126 4184 65,
1137 4115 1229 4185 (1892)
1241 4133 1284 4185 pg.
1294 4118 1363 4172 486:
1384 4119 1492 4173 ‘Hellen

365 4199 417 4255 wir
442 4199 508 4265 fest,
535 4199 590 4253 dass
615 4199 770 4269 Gregorios'
795 4200 933 4253 Kenntnis
958 4215 1015 4253 von
1040 4200 1090 4254 der
1115 4201 1204 4255 Lehre
1231 4201 1280 4255 des
1304 4203 1491 4271 Apollinarios

364 4283 524 4338 frithestens
544 4299 595 4338 aus
615 4283 679 4337 dem
698 4283 782 4338 Jahre
801 4284 852 4338 381
873 4284 1003 4338 stammt’.

457 4366 478 4436 8)
498 4367 661 4434 Dreseke,
682 4369 699 4420 l.
720 4385 743 4422 c.
763 4368 914 4422 491-496.
