3270 5250
334 554 375 618 70
762 559 888 613 Rohert
912 557 1030 626 Bloch,
1371 547 1463 635 [332]

331 732 530 797 Dinarchum
543 749 661 794 munus
673 732 810 814 gessisse
825 735 898 794 ante
910 729 1122 809 Liberalem1)
1132 728 1295 811 probabile
1306 734 1363 792 est.
1380 729 1463 792 Nam

332 835 420 916 Pius,
445 836 502 917 qui
520 834 559 897 ad
578 834 757 916 Aegyptios
776 832 934 897 sedandos
954 833 988 894 10
1009 834 1197 914 Aegyptum
1221 851 1256 896 se
1275 831 1463 912 contulerat,

334 944 444 1021 postea
459 937 675 1001 Alexandriae
691 937 883 1000 Antiochiae
901 936 1073 999 Caesareae
1088 935 1224 998 Palaest.
1254 934 1463 999 Nicomediae

333 1040 454 1123 Ephesi
477 1038 672 1121 aliquamdiu
701 1044 841 1102 moratus
865 1043 920 1119 est,
943 1039 1131 1121 priusquam
1159 1037 1235 1100 anni
1265 1039 1325 1101 151
1352 1056 1463 1101 100000

334 1142 508 1207 Nouembri
519 1142 728 1224 (Meyer214)
737 1141 869 1205 Romam
879 1141 1006 1204 rediret.
1022 1141 1134 1223 Itaque
1143 1140 1182 1204 de
1191 1139 1284 1204 Ricci
1295 1140 1314 1203 l.
1325 1141 1366 1202 52
1379 1161 1409 1203 n.
1420 1142 1461 1202 51

335 1245 375 1308 ad
395 1264 516 1308 annum
534 1245 603 1308 fere
626 1246 689 1308 153
709 1244 908 1309 Dinarchum
925 1244 959 1306 in
980 1244 1214 1327 praefectorum
1236 1244 1318 1308 serie
1341 1245 1462 1326 posuit,

335 1347 459 1412 accedit
482 1347 568 1429 quod
593 1351 666 1410 ante
689 1347 776 1411 hunc
800 1367 919 1410 annum
939 1347 1115 1428 imperator¹
1132 1345 1224 1408 Italia
1246 1366 1310 1409 non
1335 1345 1465 1409 videtur

336 1449 521 1514 discessisse
531 1449 657 1531 (Meyer
671 1450 711 1531 1.).
729 1450 822 1512 Anno
834 1450 933 1533 igitur
947 1451 1010 1512 154
1024 1468 1098 1512 eum
1113 1449 1148 1511 10
1160 1451 1346 1532 Aegyptum
1362 1453 1464 1511 trans·

335 1555 465 1616 vectum
493 1569 562 1615 esse
591 1552 737 1615 conicere
760 1552 844 1616 11001.
890 1551 1003 1633 Neque
1031 1553 1161 1632 mirum,
1189 1558 1226 1614 ut
1253 1555 1293 1614 ad
1321 1553 1465 1614 nostram

262 1632 268 1646 ’
334 1656 577 1737 inscriptionem
596 1655 830 1737 perveniamus,
847 1655 1033 1718 comitatum
1048 1654 1139 1716 illum
1160 1673 1229 1718 esse
1245 1653 1464 1734 Heliodorum,

335 1759 391 1840 qui
419 1776 476 1839 pro
504 1775 613 1820 rerum
635 1747 911 1839 'Aegyptiaoarum
939 1757 1075 1820 scientia
1102 1761 1198 1839 atque
1230 1757 1374 1839 peritiaf)
1401 1757 1465 1839 ipsi

335 1859 468 1922 adesset.
507 1858 621 1940 Neque
649 1860 755 1921 minus
785 1859 879 1922 facile
907 1859 1208 1941 comprehendimus
1235 1859 1369 1922 ineunte
1396 1858 1466 1922 fere

335 1982 418 2026 anno
448 1964 511 2024 155
544 1961 761 2044 egredientem
789 1962 882 2025 Pium
909 1965 1058 2044 Aegypto
1091 1961 1230 2025 eundem
1261 1961 1465 2044 praefecisse,

336 2065 412 2128 dum
429 2066 598 2127 hominum
617 2066 715 2128 animi
734 2065 828 2148 plane
846 2065 1057 2148 placarentur.
1081 2065 1234 2128 Proximo
1254 2070 1361 2128 autem
1380 2084 1465 2127 0000

335 2168 546 2251 (Aegyptiace
566 2169 580 2230 ¹?
604 2163 739 2249 155156)
761 2166 825 2248 1110,
850 2187 923 2230 cum
948 2167 988 2230 ad
1013 2173 1135 2230 certum
1159 2166 1319 2249 quoddam
1338 2169 1467 2250 tempus

336 2274 420 2335 00001
441 2270 631 2353 praefectus
655 2269 793 2333 Liberali
821 2271 918 2334 cessit
944 2271 1087 2353 legitimo
1111 2274 1148 2333 ut
1174 2271 1219 2333 ita
1243 2270 1347 2334 dicam
1370 2275 1467 2352 atque

336 2373 496 2437 ordinario
513 2373 664 2455 ὑπάρχωι,
684 2373 943 2455 quandoquidem
964 2377 1070 2436 motus
1090 2374 1269 2437 exstinctus
1287 2372 1466 2436 ridebatur.

336 2475 439 2541 Simul
457 2477 657 2558 perspicitur,
678 2496 736 2540 eur
758 2476 798 2538 ad
821 2476 1003 2540 bucolicam
1020 2476 1107 2539 illam
1128 2495 1209 2558 quae
1229 2479 1363 2540 vocatur
1383 2475 1467 2539 sedi-

335 2580 456 2642 tionem
484 2578 727 2661 opprimendam
754 2581 829 2660 (von
855 2578 986 2662 Bissing
1016 2578 1033 2642 1.
1060 2581 1135 2660 135)
1163 2579 1301 2642 Avidius
1329 2577 1467 2660 Cassius

335 2681 501 2745 Heliodori
525 2681 622 2763 filius,
646 2687 758 2764 postea
780 2683 815 2744 10
838 2685 1024 2765 Aegyptum
1048 2683 1164 2746 missus
1188 2683 1236 2745 sit.

427 2783 554 2867 Optime
564 2784 663 2866 igitur
671 2784 916 2867 inscriptionem
926 2785 1095 2867 descripsit
1104 2785 1349 2848 Schweinfurth.
1369 2783 1467 2846 Nam-

337 2906 400 2970 que
420 2887 504 2968 quod
523 2887 587 2969 legi
607 2887 820 2965 ἐπιετρατιγοῡ
840 2891 983 2969 10010101,
1006 2887 1228 2970 Dittenbergio
1250 2888 1269 2950 1.
1286 2888 1379 2968 llus
1400 2906 1464 2950 non

336 2991 490 3073 astipulor
503 2990 677 3054 conicienti
693 2995 749 3052 aut
762 2991 875 3054 ceteris
891 2991 1081 3074 apographis
1092 2991 1254 3074 prioribus
1265 2991 1314 3073 (cf.
1325 2989 1466 3055 Dittenb.

336 3093 454 3175 1439),
480 3111 561 3174 quae
586 3092 662 3155 dant
683 3115 717 3174 η,
741 3093 893 3157 maiorem
917 3093 1017 3156 fidem
1041 3093 1220 3157 habendam
1245 3112 1314 3157 esse
1342 3098 1399 3156 aut
1424 3091 1468 3156 Η“

337 3195 489 3276 scriptum
514 3195 630 3274 fuisse;
661 3198 785 3258 constat
813 3196 900 3259 enim
926 3197 962 3258 in
985 3197 1125 3279 Aegypti
1148 3199 1280 3279 papyris
1303 3197 1424 3258 litteras
1448 3217 1467 3273 q

338 3302 371 3362 01
393 3320 402 3360 ι
426 3297 579 3362 confundi
590 3299 628 3381 3);
655 3298 778 3362 accedit
802 3304 909 3363 nostro
933 3299 1004 3363 loco
1027 3301 1117 3382 prius
1141 3301 1190 3381 14).

431 3419 449 3490 ¹)
475 3421 533 3489 Hic,
550 3427 686 3490 quantum
704 3426 788 3477 antea
803 3423 949 3490 scivimus,
968 3423 1089 3492 praefuit
1107 3423 1232 3492 Aegypto
1251 3422 1316 3475 inde
1335 3438 1352 3475 a
1369 3421 1415 3475 die
1433 3423 1469 3474 29

336 3505 443 3560 mensis
469 3507 587 3576 Augusti
613 3508 680 3561 anni
709 3509 761 3562 151
788 3525 876 3576 usque
906 3509 943 3563 ad
970 3523 1097 3562 mensem
1121 3507 1227 3562 Maium
1252 3506 1321 3562 anni
1347 3506 1398 3560 156
1423 3506 1469 3576 (de

337 3592 620 3662 ffimlffinw.
832 3593 833 3596 ’

429 3677 449 3746 ’)
470 3677 608 3745 Quattuor
625 3679 687 3747 plus
705 3679 839 3747 temporis
852 3679 978 3748 Aegypto
998 3679 1187 3746 praefuerunt,
1206 3677 1352 3732 Cornelius
1372 3677 1471 3731 Gallus

337 3763 382 3828 lde
395 3761 474 3816 Ricci
488 3763 522 3816 56
536 3779 562 3816 n.
578 3762 612 3831 1),
627 3763 724 3817 Vibius
738 3763 877 3817 Maximus
890 3764 933 3832 161
944 3781 971 3817 n.
985 3763 1039 3832 38),
1055 3763 1169 3817 Flavius
1179 3762 1306 3816 Titianus
1321 3761 1366 3831 (63
1378 3763 1471 3831 014),

337 3847 517 3902 Pactumeius
537 3847 656 3916 Magnus
675 3847 719 3916 (66
738 3865 764 3902 n.
786 3848 848 3918 61);
868 3849 966 3902 omitto
985 3849 1149 3903 Liberalem.

428 3933 450 3998 ³)
473 3931 636 3999 AThumb,
664 3932 772 3986 Griech.
797 3933 919 4001 Sprache
942 3933 980 3986 im
1007 3933 1140 3987 Zeitaltcr
1168 3933 1218 3986 der
1245 3933 1352 3986 Hellen.
1378 3931 1472 4001 (1901)

337 4017 405 4084 1383
434 4017 464 4070 in
489 4016 624 4070 memoria
650 4017 854 4071 Herculanensi
882 4018 912 4071 id
937 4034 995 4088 non
1020 4022 1097 4072 certo
1128 4019 1215 4072 statui
1244 4034 1328 4086 posse
1359 4017 1474 4071 videtur

335 4102 379 4170 (G.
399 4101 524 4168 Crbncrt,
549 4101 629 4155 Mem.
649 4102 692 4156 Gr.
711 4103 789 4156 Herc.
812 4102 889 4169 1903,
909 4103 944 4155 25
958 4102 1017 4171 sq).
1039 4102 1168 4156 Ceterum
1187 4119 1222 4156 ex
1241 4103 1310 4156 BGU
1329 4102 1363 4156 IV
1384 4101 1474 4156 1047*

336 4204 365 4239 v.
386 4187 419 4240 10
438 4189 515 4240 certo
535 4185 608 4239 effici
628 4186 738 4240 videtur
757 4187 834 4254 mihi,
853 4190 885 4241 ut
903 4187 973 4242 illud
993 4204 1016 4240 ει
1034 4203 1085 4256 pro
1106 4204 1114 4240 ι
1133 4203 1232 4240 revera
1252 4186 1424 4240 scriberetur
1443 4185 1476 4240 in

338 4271 489 4341 Aegypto
522 4270 677 4324 secundum
710 4271 882 4340 publicam
915 4272 1058 4326 scribendi
1082 4271 1222 4326 rationem
1255 4271 1383 4326 aetatis
1399 4271 1476 4324 «110-

338 4356 546 4424 peratoriae.

430 4441 452 4510 ⁴)
470 4441 505 4494 Ut
529 4439 683 4503 1μιτέλεετα
706 4441 745 4509 (Ε.
763 4441 887 4510 Mayser,
913 4441 1086 4495 Grammatik
1110 4441 1134 4495 d.
1159 4441 1262 4509 griech.
1289 4440 1393 4510 Papyri
1422 4458 1478 4496 aus

340 4524 389 4578 der
408 4522 623 4579 Ptolemaerzeit
644 4523 733 4594 [1906]
753 4525 798 4595 83)
819 4527 960 4590 ἀνάλογον
980 4530 1029 4580 est.
