3228 5268
368 495 410 558 68
807 504 917 558 Xaver
935 503 1053 571 flurin,

366 692 427 737 nec
443 678 549 737 tamen
566 692 600 739 se
616 673 763 739 lacrimas
787 694 862 738 oum
884 674 978 738 laude
1002 677 1139 742 miscere
1156 677 1253 740 velle:
1280 677 1342 739 ‘aci
1358 677 1419 740 οὐκ
1435 675 1494 750 ἐγὼ

366 779 423 853 μὲν
448 775 534 840 οὕτω
558 778 697 855 θρήνου(
720 776 903 856 ἀναμίγυυμι
924 781 991 842 τοῖς
1014 778 1170 843 ἐπαίνοιτ’.

456 879 671 957 Συμβουλήε
697 897 807 942 omnes
832 878 943 943 Basilii
966 880 1100 944 virtutes
1123 881 1290 945 imitentur
1314 880 1391 961 (80).

456 982 694 1059 Μακαριεμότ
704 979 851 1065 (81),quo
859 982 993 1045 chorum
1002 982 1496 1047 convocathominumBasilium

366 1083 627 1165 praedicantium.
644 1083 716 1147 Non
727 1083 829 1147 solum
844 1084 1095 1149 Christianorum
1112 1086 1171 1150 sed
1186 1086 1283 1149 etiam
1297 1105 1495 1169 paganorum

364 1206 421 1268 pro
446 1205 505 1249 sua
528 1187 665 1268 quisque
684 1187 881 1270 professione
899 1189 1008 1254 laudet
1027 1189 1183 1253 Basilium
1206 1194 1262 1253 aut
1279 1189 1496 1273 legislatorem

365 1292 422 1351 aut
436 1289 625 1370 magistrum
642 1292 698 1351 aut
713 1289 906 1372 discipulum
922 1297 977 1355 aut
992 1291 1133 1356 iudicem
1150 1296 1206 1355 aut
1216 1291 1382 1356 medicum
1399 1293 1494 1373 etc.¹).

454 1393 654 1476 Epilogus:
668 1392 899 1457 Laudationem
911 1398 1017 1457 orator
1027 1393 1124 1458 offert
1132 1394 1250 1458 Basilio
1264 1413 1408 1478 eumque
1421 1399 1494 1476 orat,
1594 1401 1595 1440 ἒ

365 1501 402 1558 ut
423 1494 485 1557 sibi
503 1495 655 1578 ignoscat,
680 1495 765 1578 quod
788 1515 855 1558 non
879 1494 974 1578 digne
998 1496 1121 1560 meritis
1145 1515 1219 1560 eum
1241 1495 1436 1576 laudaverim
1461 1516 1494 1561 se

365 1601 510 1684 protegat
534 1601 565 1661 et
588 1597 704 1680 dirigat
727 1602 759 1662 et
780 1603 945 1661 mortuum
968 1597 1007 1662 ad
1031 1617 1065 1662 se
1088 1600 1262 1682 recipiat2).

659 1781 687 1839 3.
711 1775 760 1840 De
783 1777 936 1840 orationis
960 1777 1198 1860 compositione.

454 1899 495 1962 Et
507 1917 549 1963 ex
562 1901 743 1982 argumenti
754 1901 953 1964 enarratione
966 1906 998 1965 et
1007 1921 1049 1966 ex
1059 1902 1107 1983 iis,
1116 1921 1198 1983 quae
1210 1921 1308 1985 supra
1317 1905 1495 1984 generatim

366 2001 405 2065 de
421 2002 618 2065 orationibus
632 2002 822 2066 funebribus
840 2004 984 2086 exposui,
1002 2009 1132 2087 apparet
1147 2005 1230 2069 hano
1246 2005 1426 2069 orationem
1441 2026 1494 2090 ge-

365 2105 435 2168 neri
451 2108 596 2182 καθαροῡ
614 2104 777 2186 ἑγκωμὶου,
802 2105 889 2187 quod
905 2109 1045 2189 vocatur,
1065 2108 1307 2173 adscribendam
1326 2129 1393 2173 non
1411 2129 1492 2189 esse;

364 2227 437 2270 nam
458 2209 563 2270 exstat
572 2209 606 2270 in
619 2207 686 2271 fine
700 2209 851 2272 orationis
865 2210 1016 2274 solemnis
1027 2213 1125 2276 rduoc
1141 2214 1270 2294 θρήνου,
1288 2214 1437 2295 quamvis
1456 2213 1492 2276 ab
1594 2203 1595 2206 ¹

365 2311 488 2372 oratore
503 2315 540 2372 ut
554 2311 588 2372 in
602 2311 717 2374 ceteris
734 2310 903 2393 epitaphiis
914 2312 1074 2376 reiciatur.
1097 2313 1173 2377 Tota
1183 2313 1379 2378 laudationis
1393 2320 1493 2380 struo-

364 2414 436 2475 tura
449 2432 523 2476 cum
535 2411 702 2476 Menandri
716 2412 924 2494 dispositione
938 2415 1034 2488 λόγου
1048 2414 1215 2494 ἐπιταφίου
1228 2417 1388 2499 congruit,
1400 2439 1419 2481 a
1432 2437 1492 2499 quo

365 2536 403 2579 ea
426 2515 549 2580 solare
573 2515 690 2598 differt,
715 2514 800 2598 quod
824 2517 997 2580 consolatio
1023 2517 1112 2582 deest
1121 2519 1151 2600 ³).
1594 2505 1595 2526 ¹

453 2617 502 2681 De
521 2619 690 2700 partitione
702 2618 779 2701 ipsa,
795 2623 832 2681 ut
844 2637 925 2701 quae
939 2639 981 2684 ex
994 2620 1193 2683 enarratione
1206 2625 1390 2703 argumenti
1400 2624 1492 2688 facile
1594 2693 1595 2696 ,

365 2721 583 2802 perspiciatur,
600 2721 692 2803 plura
707 2720 804 2784 verba
820 2720 927 2785 lacere
950 2724 1150 2804 supersedeo.
1175 2723 1293 2805 Restat,
1310 2731 1348 2788 ut
1369 2727 1409 2792 de
1429 2729 1492 2790 sin·
1594 2711 1595 2736 ³

365 2822 450 2904 gulis
474 2822 666 2905 quibusdam
689 2823 840 2887 orationis
864 2825 1006 2907 partibus
1030 2846 1130 2908 agam.
1494 2840 1497 2845 '

454 2928 563 3008 Atque
579 2928 613 2988 in
627 2928 736 2991 τόποι(
750 2926 1001 3006 ἐπιτηδευμάτων
1021 2934 1053 2993 et
1066 2929 1213 3006 πράξεων
1231 2930 1406 2996 tractandis
1422 2933 1492 3008 rhe-

365 3035 450 3092 tores
472 3028 527 3091 illa
544 3028 658 3111 priora,
683 3031 874 3112 posteriores
894 3031 950 3094 has
969 3050 1090 3114 ponere
1108 3029 1228 3094 solent:
1254 3031 1431 3115 Gregorius
1450 3036 1493 3098 ita
1594 3045 1595 3070 l

364 3130 436 3194 illos
459 3135 579 3213 tractat,
603 3135 640 3193 ut
659 3131 793 3214 singulis
810 3133 871 3194 viri
887 3131 1095 3216 dignitatibus
1114 3133 1373 3217 (ἐπιτηδεύμαυν)
1386 3138 1491 3200 statim
1594 3151 1595 3228 l

366 3253 447 3316 quae
462 3235 498 3296 in
513 3251 707 3316 unaquaque
724 3234 762 3297 ab
780 3253 816 3298 eo
836 3237 924 3318 gesta
940 3241 1023 3318 sunt,
1040 3236 1184 3300 subiciat.
1208 3237 1294 3318 Ergo
1311 3242 1492 3324 temporum

366 3335 509 3399 ordinem
517 3320 654 3418 secutus
663 3340 831 3418 postquam
842 3337 991 3420 exposuit
1000 3337 1154 3401 Basilium
1165 3338 1363 3403 sacerdotem
1372 3340 1492 3405 iactum
1594 3419 1595 3424 ἵ

459 3486 476 3554 ι)
494 3486 595 3541 Totum
619 3487 678 3541 fere
704 3489 788 3555 caput
813 3487 847 3540 81
875 3487 911 3541 ad
936 3486 1053 3541 verbum
1081 3487 1225 3543 invenitur
1252 3489 1282 3543 in
1308 3491 1439 3546 oratione
1464 3493 1493 3545 in
1594 3459 1595 3520 }

365 3572 550 3626 Athanasium
570 3573 622 3642 (cp.
635 3573 685 3642 10),
706 3572 739 3626 cf.
759 3571 834 3626 infra
852 3589 894 3641 pg.
906 3572 949 3626 69.

457 3655 478 3725 ²)
498 3656 595 3710 Finem
608 3655 745 3710 orationis
758 3655 898 3711 excidisse
911 3657 987 3709 recte
1002 3657 1163 3711 observavit
1176 3658 1206 3711 B.
1217 3659 1292 3726 Keil;
1312 3675 1405 3727 neque
1420 3661 1492 3713 enim
1594 3683 1595 3698 r

365 3740 425 3794 fieri
444 3744 544 3811 potest,
568 3746 598 3796 ut
618 3741 775 3811 Gregorius
799 3741 927 3811 quamvis
950 3740 986 3794 sit
1010 3757 1153 3810 arrogans
1178 3742 1334 3797 orationem
1359 3745 1491 3799 termina-

366 3825 438 3878 verit
461 3825 556 3880 verhis
580 3826 644 3894 illis,
669 3826 770 3894 quibus
793 3830 888 3881 orator
912 3825 1029 3894 quaerit,
1054 3825 1115 3894 quis
1138 3827 1244 3882 Basilio
1267 3832 1379 3883 mortuo
1402 3830 1492 3900 ipsum
1594 3843 1595 3846 ’

367 3911 528 3967 defunctum
546 3913 713 3967 laudaturus
732 3913 775 3966 sit.
807 3912 867 3980 Quo
887 3909 1004 3978 accedit,
1025 3912 1099 3978 quod
1116 3912 1238 3967 formula
1256 3913 1314 3983 illa,
1338 3931 1411 3982 quae
1430 3919 1491 3984 post

367 3997 445 4050 ἄξιον
468 3997 569 4066 legitur
592 3999 632 4050 ‘tv
656 3999 763 4065 Χριττῷ
788 3999 878 4064 ’iacob
893 4037 898 4049 .
914 4038 920 4050 .
935 4037 940 4048 .
957 3991 1058 4062 Ἀμήν’
1080 3997 1111 4050 in
1133 3998 1275 4067 plerisque
1299 4000 1380 4054 codd.
1406 4000 1490 4055 deest.
1594 3989 1595 3998 ¹

368 4080 469 4137 Omnia
487 4083 579 4152 igitur,
599 4099 671 4151 quae
690 4088 753 4150 post
772 4084 850 4137 ἄξιον
865 4082 1036 4150 legebantur,
1056 4083 1213 4151 perierunt;
1233 4083 1341 4138 librarii
1354 4084 1490 4152 nonnulli,

368 4166 413 4234 qui
428 4167 514 4234 probo
532 4167 576 4220 usi
592 4167 698 4221 iudicio
710 4167 814 4221 iustam
831 4166 965 4236 epitaphii
983 4167 1193 4221 conclusionem
1213 4168 1421 4238 desiderabant,
1437 4171 1490 4224 ior·

367 4252 471 4305 mulam
491 4251 577 4319 illam,
598 4268 653 4319 qua
673 4255 783 4306 ceterae
797 4267 907 4320 quoque
920 4251 1063 4305 orationes
1079 4251 1273 4321 terminantur,
1293 4255 1489 4322 apposuerunt.
1594 4299 1595 4308 ,

457 4333 478 4402 3)
499 4334 539 4388 Cf.
558 4351 629 4402 quae
649 4336 793 4403 aptissime
812 4335 965 4390 Menander
985 4335 1113 4405 (Spengel
1132 4337 1173 4390 rh.
1188 4353 1226 4405 gr.
1241 4336 1351 4407 111419)
1371 4337 1489 4407 exponit,
1594 4391 1595 4416 ,

369 4418 480 4485 quando
500 4419 650 4485 ἐπιτάφιο(
667 4420 814 4476 habendus
833 4421 877 4490 sit,
897 4421 1016 4490 quando
1029 4424 1157 4488 καθαρὸν
1176 4422 1327 4488 ἐγκώμιον.
