3240 5252
116 501 202 589 [211]
551 507 650 562 Studia
668 507 804 562 Tulliana.
1198 503 1237 564 51

117 703 166 747 neo
187 684 262 747 sotis
285 688 389 746 tomen
412 683 620 745 instrueres
645 680 688 744 ed
710 678 846 761 forenses
873 700 995 759 seusam
1024 701 1107 766 ques,
1136 687 1170 744 ei
1192 681 1242 745 ilii

114 787 174 868 ipsi
191 786 290 850 dicere
309 783 450 864 solebant,
470 783 686 870 agrestioribus
700 781 803 846 Musis
822 782 1020 867 reliquerunt.
1044 781 1240 846 Instructam

118 887 197 951 enim
222 892 383 950 oratorem
407 903 477 949 esse
501 884 616 949 debere
636 904 655 947 a
673 885 869 967 philosophis
889 903 962 948 cum
983 884 1053 947 aliis
1072 885 1241 967 permultis

116 990 190 1053 locis
214 994 282 1051 tum
304 988 447 1052 Oratoris
468 989 486 1069 ξ
505 989 568 1050 118
587 987 738 1070 legimus:
764 986 828 1050 Nec
847 1007 914 1051 cero
933 1009 953 1050 α
971 987 1135 1052 dialecticis
1153 989 1242 1052 mode

114 1095 151 1157 sit
172 1095 349 1173 instruens,
374 1092 427 1156 sed
448 1091 556 1156 habeat
577 1112 679 1156 omnes
699 1089 906 1176 philosophiae
928 1098 1013 1156 notos
1035 1113 1070 1155 ee
1093 1098 1241 1156 tractatos

15 1215 16 1254 ι
113 1197 188 1260 lesos
198 1197 227 1276 ¹).

201 1403 292 1484 §ld
327 1400 404 1465 Sine
427 1398 627 1482 philosophia
649 1419 715 1462 non
743 1417 836 1481 posse
865 1398 954 1463 effici
983 1419 1079 1480 quem
1107 1406 1243 1482 quaerat

15 1505 16 1516 ’
113 1505 329 1588 eloquentem,
362 1501 418 1566 sed
449 1503 479 1566 ei
508 1521 618 1565 omnes
645 1501 732 1564 illius
761 1501 945 1583 disciplinas
974 1501 1144 1584 diligenter
1170 1521 1243 1586 per-

113 1608 291 1672 tractandas
309 1624 380 1670 esse
397 1605 508 1668 Cicero
526 1603 619 1668 docet
635 1611 667 1668 et
681 1603 823 1668 breviter
837 1603 876 1687 ἐξ
891 1605 1021 1667 14-16
1039 1611 1070 1668 et
1082 1606 1242 1687 copiosius

113 1711 151 1794 ’ἓξ
169 1711 355 1774 113-119.
390 1707 612 1789 Philosophiae
637 1706 724 1770 enim
748 1707 839 1790 quasi
859 1726 876 1771 e
894 1707 1016 1770 finibus
1036 1707 1073 1790 ei,
1098 1709 1154 1790 qui
1169 1728 1243 1791 pcr-

115 1812 195 1876 fecte
219 1812 404 1893 eloquentis
427 1810 561 1893 gloriam
584 1812 721 1893 appetat,
746 1808 957 1873 adsumendas
981 1829 1052 1874 esse
1076 1811 1265 1875 contendit*

112 1916 144 1995 (ξ
163 1916 213 1997 15)
237 1921 270 1978 et
294 1914 335 1977 de
358 1932 466 1976 rerum
490 1914 603 1975 natura
627 1912 843 1993 doctriuam2),
867 1932 930 1994 qua
952 1912 1033 1976 uber
1050 1913 1085 1974 in
1105 1912 1242 1977 dicendo

113 2023 146 2080 et
170 2017 332 2081 fecundus
360 2014 763 2098 fiat‚etpsyoh010giam,
789 2034 883 2097 qnam
913 2015 1064 2098 dicimuS,
1095 2035 1157 2097 qua
1184 2015 1244 2080 fiat

116 2140 216 2202 narus,
241 2119 362 2204 quibus
387 2118 538 2182 orationis
562 2118 663 2181 modis
683 2136 829 2200 quaeque
852 2117 1030 2180 animorum
1055 2123 1159 2200 partes
1182 2118 1242 2181 im-

116 2222 276 2304 pellantur.
320 2220 582 2304 Oognoscendam
612 2221 642 2284 ei
669 2238 739 2283 esse
768 2219 966 2282 dialecticam
998 2238 1125 2300 quoque
1153 2219 1243 2283 addit

112 2327 144 2405 (ξ
163 2327 202 2388 16
225 2326 291 2407 in),
321 2326 392 2387 sine
416 2343 480 2407 qua
502 2342 608 2406 neque
632 2342 734 2406 genus
757 2325 813 2386 aut
840 2323 981 2405 speciem
1009 2324 1166 2404 cuiusque
1195 2327 1243 2389 rai

116 2447 243 2492 cernere
278 2444 388 2508 neque
424 2445 493 2490 eam
527 2425 709 2490 definiendo
743 2425 905 2509 explicare
942 2445 1002 2489 nec
1033 2425 1174 2489 tribuere
1206 2427 1242 2492 in

115 2536 215 2611 partes
239 2530 342 2614 possit
366 2527 602 2610 memdicare,
628 2548 710 2611 quae
730 2548 814 2610 vera,
838 2548 921 2611 quae
940 2528 1019 2591 falsa
1038 2529 1110 2611 sint,
1136 2549 1243 2613 neque

115 2653 242 2698 cernere
271 2633 511 2715 consequentia
539 2633 751 2715 repugnantia
777 2630 927 2713 videre³)‚
958 2631 1106 2714 ambigua
1129 2632 1242 2696 distin-

111 2755 216 2817 guere.
249 2736 370 2815 Restat,
397 2740 433 2796 ut
460 2734 498 2797 de
524 2733 741 2817 philosophiae
770 2737 859 2816 parte
885 2735 997 2797 morali
1025 2734 1181 2817 loquatur,
1210 2740 1245 2801 et

114 2844 276 2903 enumerat
291 2836 465 2900 nonnullas
480 2839 692 2920 quaestiones,
716 2839 756 2902 de
777 2838 893 2919 quibus
909 2838 1017 2901 nullus
1039 2843 1145 2902 orator
1164 2841 1241 2904 satis

112 2941 206 3024 digna
227 2941 331 3025 possit
354 2939 506 3022 proferre,
530 2941 593 3003 nisi
617 2941 673 3023 qui
692 2940 845 3023 frequens
864 2940 1124 3024 philosophorum
1143 2941 1242 3006 fuerit

111 3044 241 3107 auditor.
266 3043 359 3120 Quae
374 3043 409 3104 in
426 3042 589 3105 codicibus
606 3043 652 3106 sic
667 3042 836 3126 leguntur:
856 3043 939 3123 Quid
954 3044 1055 3108 dicem
1071 3045 1108 3126 de
1123 3051 1240 3110 notura

109 3173 221 3234 rerum,
238 3154 329 3216 caius
344 3153 474 3235 cognitio
491 3171 637 3236 mopiam
655 3153 805 3215 cretionis
824 3149 987 3233 [mathois
1007 3150 1038 3233 [a
1057 3140 1138 3216 or—ois
1153 3158 1240 3234 post-

113 3276 194 3320 rema
218 3258 327 3320 littera
350 3254 442 3318 obelo
466 3254 672 3338 transfixae]
698 3256 872 3341 suppeditet
894 3258 1019 3341 copiam,
1048 3257 1085 3321 de
1108 3260 1178 3338 viia,
1202 3259 1240 3324 de

108 3360 226 3442 affinis,
245 3362 284 3425 de
303 3361 424 3438 eistete
443 3358 480 3445 de
498 3358 634 3422 moribus
651 3360 715 3423 siue
733 3359 830 3423 muita
849 3380 955 3423 eorum
976 3362 1114 3444 ipsorum
1131 3381 1239 3426 rerum

106 3465 270 3550 discipline
295 3469 352 3528 aeci
375 3463 439 3526 dici
460 3469 515 3526 eet
541 3462 676 3547 intellegi
693 3462 802 3547 pesse?
830 3461 905 3524 Tam
929 3461 1025 3525 huius
1053 3462 1164 3524 similis
1189 3470 1239 3528 cst

111 3567 205 3651 5118,
218 3574 256 3631 ut
272 3587 346 3632 cam
362 3564 556 3628 adscribam:
574 3564 664 3629 Nihil
679 3569 760 3630 enim
776 3566 813 3630 de
829 3566 980 3651 reiigione,
993 3567 1073 3630 nihil
1085 3568 1122 3631 de
1133 3575 1237 3650 morte,

198 3731 216 3796 ¹)
237 3728 277 3783 Cf.
293 3725 380 3781 etiam
394 3724 438 3780 Or.
458 3724 534 3793 520:
555 3726 591 3776 od
606 3728 800 3792 perrnooeedos
819 3732 843 3777 et
862 3727 1050 3778 macedonios
1068 3729 1174 3779 animos
1192 3731 1237 3781 in-

109 3815 203 3865 structi
221 3819 246 3866 at
261 3813 378 3881 peroti3
398 3809 455 3879 §lt
476 3811 630 3862 autminus
642 3813 794 3862 instruemus
813 3813 866 3862 erit
882 3827 1049 3878 magnarum
1060 3814 1165 3863 artium
1179 3813 1237 3866 dia·

105 3899 225 3964 -eipiinis

194 3984 215 4053 ²)
237 3982 317 4049 Quod
335 3983 360 4033 is
379 3981 565 4048 Anasaporae
585 3981 697 4048 physici
714 3982 803 4047 fuerit
822 3982 942 4048 auditor,
960 3998 978 4032 e
998 3997 1049 4049 quo
1069 3988 1155 4033 censet
1174 3998 1236 4035 erem

109 4083 165 4118 cum
181 4070 241 4121 clia
251 4067 404 4136 praeclare
417 4067 551 4134 quedam
569 4072 593 4117 et
611 4067 758 4132 magnifica
777 4068 906 4120 didicisse
924 4073 981 4118 tum
995 4067 1079 4136 (hinc
1092 4066 1235 4122 Schuetzii

108 4155 296 4210 coniecturam
317 4152 481 4222 amplector)
505 4153 613 4205 tiberem
639 4160 663 4204 et
681 4156 829 4220 secundem
847 4153 936 4217 fuisse
958 4167 1110 4220 earumque
1133 4167 1156 4204 e.
1171 4168 1196 4220 q.
1211 4170 1234 4208 s.

193 4241 216 4310 8)
235 4241 317 4310 Quod
338 4238 477 4308 Sauppius
496 4238 526 4292 in
545 4239 680 4292 Tullianis
698 4239 834 4309 (Ausgew.
852 4237 929 4292 Schr.
950 4253 1011 4306 pag.
1028 4236 1091 4304 549)
1112 4235 1235 4293 coniecit

104 4326 191 4378 citare
216 4325 301 4381 valde
325 4324 394 4379 mihi
419 4323 557 4393 displicet,
581 4322 647 4392 quia
667 4324 761 4378 omnia
780 4323 850 4376 haec
870 4321 958 4376 verba
981 4319 1115 4374 cernendi
1139 4321 1166 4374 et
1190 4320 1234 4374 in-

106 4411 254 4480 tellegendi
275 4415 349 4466 sunt.

1093 4511 1142 4565 14*
1230 4521 1232 4526 '
