3228 5268
291 486 331 540 De
351 482 477 553 Gregorii
494 481 671 537 Nazianzeni
691 481 865 537 orationihus
884 483 1055 538 funebribus.
1202 479 1243 540 31

112 658 201 721 cuius
233 661 338 720 artem
370 655 456 738 apud
487 656 633 719 rhetores
663 653 760 718 medii
796 655 868 718 aevi
902 654 1076 737 plurimmn
1105 655 1245 721 valuisse

111 765 220 823 notum
244 761 334 835 est¹t
359 759 440 822 Eius
463 757 685 822 laudationum
708 758 837 822 schema
860 759 921 822 hoc
945 762 1008 822 est:

195 865 291 940 γένος
315 863 432 945 (revoc,
454 862 574 939 πατρία,
597 860 762 938 πρόγονοι,
786 860 929 941 πατέρες)

197 966 371 1046 ἀνατροφή
396 964 642 1047 (ἐπιτηδεύματα,
665 965 767 1043 τέχνη,
791 964 895 1046 νόμοι)

196 1068 328 1147 πράξειε

269 1173 300 1253 a)
326 1174 433 1248 ψυχῆτ
456 1169 606 1252 (ἀνδρεία,
631 1169 795 1251 φρόνητιτ)

155 1305 159 1322 ·
267 1276 302 1358 b)
326 1277 471 1353 emperor
494 1271 631 1355 (κάλλος,
655 1271 761 1351 τάχος,
786 1272 889 1356 ῥώμη)

269 1379 300 1460 c)
326 1376 422 1455 τύχητ
445 1375 628 1458 (terunciu,
651 1378 798 1452 πλοῦτοι,
822 1375 921 1456 φίλοι)

196 1480 360 1557 τύγκριειτ.

195 1582 314 1648 Denuo
332 1581 434 1662 igitur
449 1579 542 1642 nobis
558 1581 699 1643 occurrit
713 1581 871 1663 tripertita
882 1580 938 1644 illa
948 1580 1107 1644 bonorum
1119 1580 1244 1645 divisio.

111 1686 220 1768 Neque
230 1705 311 1750 vero
323 1685 385 1747 hac
394 1684 566 1767 partitione
579 1683 699 1746 totius
715 1685 867 1747 orationis
880 1684 1045 1767 dispositio
1055 1686 1177 1766 nititur,
1188 1684 1245 1750 sed

111 1790 231 1867 πράξει(
250 1788 338 1851 solas
360 1784 539 1850 secundum
553 1784 609 1848 illa
624 1785 708 1849 bona
726 1786 914 1870 digerendos
932 1806 1001 1851 esse
1019 1788 1127 1851 rhetor
1142 1787 1243 1852 docet.

196 1893 301 1957 Cuius
332 1891 576 1974 dispositionem
604 1890 790 1972 saepissime
819 1892 1011 1973 posteriores
1042 1895 1182 1954 oratores
1213 1895 1245 1955 et

109 1996 248 2060 rhetores
274 1998 408 2059 secutos
433 2011 502 2057 esse
527 1994 582 2055 vix
601 1995 784 2075 negaveris,
808 2014 883 2057 nam
898 1995 1055 2078 Apthonii
1073 1994 1244 2057 auotoritas

106 2100 244 2163 multum
268 2095 359 2181 apud
374 2096 446 2159 illos
462 2097 570 2160 valuit.
595 2094 687 2172 Quod
703 2115 768 2158 non
785 2096 889 2159 solum
903 2095 979 2159 inde
996 2100 1133 2179 apparet,
1159 2094 1245 2179 quod

106 2207 192 2266 tanta
216 2202 316 2284 copia
341 2200 642 2263 commentariorum
665 2198 705 2262 ad
728 2200 797 2262 eius
821 2204 990 2263 tractatum
1017 2198 1244 2284 explicandum

109 2307 253 2370 confecta
270 2306 362 2386 estr),
386 2303 444 2367 sed
461 2304 556 2366 etiam
572 2322 613 2367 ex
631 2323 676 2385 eo,
702 2301 787 2384 quod
802 2304 904 2386 ipsius
920 2304 1099 2386 Aphthonii
1114 2304 1245 2368 nomine

109 2409 206 2473 celato
224 2407 242 2471 ὁ
261 2408 373 2486 ῥήτωρ
398 2405 503 2470 medio
527 2425 604 2469 aevo
621 2411 754 2471 vocatus
771 2412 820 2470 est
834 2407 998 2491 (Stephani
1012 2409 1047 2470 in
1063 2407 1245 2471 Aristotelis

109 2515 207 2576 artem
229 2510 431 2575 rhetoricam
454 2514 656 2572 commentar.
681 2509 729 2573 ed.
754 2509 893 2575 academ.
917 2510 1046 2575 Boruss
1073 2512 1158 2574 1896
1182 2511 1244 2574 vol.

109 2613 227 2678 XXIZ
252 2635 305 2697 pg.
325 2613 479 2694 282,14).
504 2611 574 2676 Nec
594 2616 702 2676 tamen
725 2611 810 2696 apud
834 2633 944 2677 omnes
968 2614 1145 2698 Aphthonii
1169 2634 1246 2679 auc·

108 2719 216 2781 toritas
241 2717 355 2779 valuit.

195 2820 385 2884 Nicolaus
414 2820 498 2881 enim
528 2819 650 2901 rhetor,
681 2819 737 2903 qui
761 2821 873 2902 quinto
898 2821 1026 2885 saeculo
1050 2820 1127 2903 fuit,
1158 2825 1246 2902 post-

108 2945 202 3007 quam
227 2942 328 2987 suurn
353 2921 489 3004 schema,
522 2922 606 3004 quod
637 2923 687 2985 his
717 2923 824 2986 verbis
860 2925 953 2998 γένος
988 2923 1108 3006 (έθνατ,
1138 2924 1244 3006 πόλις,

107 3027 293 3108 πρόγονοι),
329 3024 463 3106 γένεατ,
498 3024 683 3106 ἀνατροφή,
719 3023 946 3104 ἐπιτηδεύματα
983 3026 1018 3089 ἐν
1052 3028 1109 3110 νέᾳ
1144 3026 1246 3108 ἡλικίᾳ

107 3130 269 3210 (ῥητορική
290 3127 374 3207 κτα),
401 3126 527 3205 πράξειε
547 3129 736 3212 (secundum
755 3132 889 3195 virtutes
916 3132 1145 3215 disponendae)
1169 3151 1245 3195 oon-

107 3235 241 3310 tinetur,
272 3231 427 3313 exposuit
451 3235 483 3293 et
506 3233 686 3317 explicavit
714 3236 820 3317 pergit
843 3254 877 3298 se
900 3236 1031 3298 novisse
1054 3234 1245 3317 tripertitam

107 3336 192 3399 illam
216 3336 381 3400 bonorum
404 3334 617 3419 partitionem,
646 3336 702 3400 sed
726 3336 883 3400 abiecisse
907 3341 943 3398 ut
966 3356 984 3399 a
1009 3333 1244 3400 consuetudine

108 3441 224 3502 artium
244 3456 325 3501 suae
345 3437 456 3499 aetatis
476 3436 612 3502 alienam
627 3439 786 3523 (Spengel,
798 3440 845 3502 rh.
856 3459 901 3522 gr.
915 3437 964 3500 III
978 3439 1052 3520 479,
1066 3439 1132 3520 26);
1151 3436 1245 3514 εἡμεῖς

108 3545 140 3605 δὲ
165 3545 227 3605 νῦν
253 3537 293 3603 οὐ
319 3537 415 3621 ταύτῃ
439 3545 475 3621 τῇ
500 3542 649 3624 διαιρέτει,
675 3541 756 3606 ἀλλὰ
779 3549 815 3624 τῇ
840 3540 995 3623 κρατούεῃ
1021 3541 1165 3619 ἑψόμεθα
1174 3539 1206 3620 ⁴).

198 3702 218 3771 ¹)
240 3699 374 3770 Spengel,
397 3699 468 3752 rhet.
486 3714 525 3766 gr.
544 3700 620 3754 1135
639 3716 715 3769 seqq.
724 3719 731 3767 ;
758 3700 967 3769 Hoppichler
986 3702 1003 3754 1.
1018 3717 1055 3768 c.;
1079 3698 1244 3768 Brzoska‚

108 3787 353 3859 Pauly-Wissowa
372 3784 405 3837 R.
416 3784 446 3836 E.
471 3784 550 3838 voll
568 3802 611 3855 pg.
625 3786 705 3840 2797.

196 3875 217 3940 ¹)
237 3873 280 3928 Cf.
301 3869 454 3924 Brzoska
473 3870 490 3923 l.
507 3884 530 3922 c.

195 3961 218 4030 8)
240 3954 373 4026 Spengel,
398 3954 438 4007 rh.
453 3970 491 4023 gr.
510 3955 622 4013 111477.
655 3956 797 4026 Finckh,
816 3954 969 4025 Aphthonii
989 3958 1017 4009 et
1036 3951 1145 4010 Nicolai
1164 3950 1244 4018 soph.

109 4059 251 4115 progymn.
274 4043 338 4106 etc.¹
358 4038 513 4093 Heilhronn
533 4042 609 4098 1865.

193 4130 215 4200 ⁴)
236 4127 325 4183 Soles
344 4127 421 4177 artes
439 4124 517 4177 brevi
536 4126 590 4182 hoc
604 4128 758 4195 conspectu
776 4124 917 4178 illustrare
935 4129 1055 4179 conatus
1071 4138 1147 4187 sum;
1166 4118 1246 4187 ipsos

111 4211 280 4283 ἐπιταφίου(
308 4208 506 4278 sophistarum,
531 4215 562 4266 ut
587 4211 685 4268 Dionis
711 4209 911 4279 Chrysostomi‚
930 4207 1070 4280 Aristidis,
1090 4202 1247 4274 Themistii,

111 4311 170 4371 meo,
191 4304 224 4355 ut
246 4295 361 4365 opinor,
381 4292 440 4346 iure
459 4308 518 4347 non
537 4299 650 4364 curavi;
671 4294 762 4348 sentio
782 4293 857 4347 enim
876 4311 891 4347 e
911 4292 1056 4347 rhetorum
1068 4290 1151 4348 nudis
1163 4303 1248 4356 prae-

112 4387 188 4454 ceptis
203 4380 327 4441 facilius
341 4383 368 4432 et
381 4378 482 4432 melius
495 4395 578 4448 posse
593 4380 689 4447 statui,
709 4395 763 4449 quo
776 4379 860 4433 modo
873 4376 1034 4432 orationum
1047 4371 1250 4447 dispositioncs
