3228 5268
283 422 320 476 De
339 421 467 492 Gregorii
485 418 659 476 Nazianzeni
679 421 854 476 orationibus
873 420 1043 476 funebribus.
1194 417 1235 482 27

112 593 271 656 hominum
289 594 429 676 primum
449 591 604 656 dividitur
626 592 660 654 in
684 597 834 675 tempora,
860 591 1035 677 quodque
1060 598 1147 658 ante
1172 614 1236 660 eos

111 695 184 758 luit
208 695 377 780 quodque
402 696 476 780 ipsi
499 696 698 758 vixerunt:
729 697 764 759 in
787 696 827 760 iis
851 700 966 777 autem,
991 697 1048 778 qui
1070 696 1135 759 fato
1160 704 1237 761 sunt

110 799 219 882 hmoti,
244 801 339 863 etiam
367 798 466 882 quod
490 803 547 864 est
569 799 789 863 insecutum
813 799 892 863 eto?
928 799 997 862 Iam
1013 798 1235 865 Volkmannus

111 901 253 983 exposuit
267 900 349 965 hanc
365 901 571 984 partitionem
587 920 604 966 e
623 901 733 965 schola
745 902 925 967 Stoicorum
936 902 1112 986 profectam
1124 904 1233 986 essell.

110 1001 303 1084 Quamquam
326 1008 434 1069 autem
456 1023 522 1067 non
545 1005 609 1066 nisi
624 1025 727 1068 unum
743 1005 927 1087 exemplum
944 1005 1038 1068 huius
1054 1005 1234 1088 partitionis

108 1105 270 1168 inveni-
288 1126 415 1171 carmen
436 1108 523 1171 enim
540 1105 620 1170 illud
638 1108 872 1190 panegyricum
888 1108 920 1171 in
937 1107 1127 1190 Messallam,
1148 1107 1234 1190 quod

107 1206 184 1270 falso
208 1206 328 1273 Tibullo
352 1207 550 1290 adscriptum
578 1213 635 1289 est,
666 1209 748 1274 hano
777 1209 1016 1295 dispositionem
1040 1211 1132 1295 sequi
1155 1211 1234 1274 mihi

108 1310 229 1375 videtur
245 1350 295 1395 —,
313 1317 420 1377 tamen
439 1312 558 1375 summi
580 1314 734 1376 momenti
759 1318 807 1378 est
830 1313 869 1377 ad
893 1313 1148 1398 cognoscendam
1171 1313 1234 1378 dis-

106 1415 292 1496 positionem
315 1413 485 1479 Menandri
508 1413 733 1478 monodiarum
756 1420 788 1479 et
811 1417 1074 1500 consolationum,
1100 1437 1235 1500 quarum

106 1521 224 1600 partem
232 1517 426 1582 laudativam
435 1515 616 1580 secundum
624 1517 686 1581 tria
698 1518 753 1582 illa
765 1523 907 1603 tempora
919 1519 1151 1604 disponendam
1163 1538 1234 1586 esse

107 1621 212 1685 rhetor
225 1620 324 1685 docet.
348 1619 436 1684 Dioit
451 1620 539 1684 enim
554 1617 624 1700 (Rh.
638 1638 683 1701 gr.
698 1619 824 1683 111435
839 1621 916 1706 Spq:
935 1622 1109 1701 ’διαιρήεειε
1125 1624 1160 1685 δὲ
1175 1623 1233 1699 τήν

108 1725 262 1807 μονῳδίαν
275 1726 318 1788 εἰ(
330 1724 468 1803 χρόνον(
480 1726 561 1800 τρεῖ(
573 1724 628 1786 τὸν
641 1723 785 1800 παρόντα
798 1724 891 1788 εὐθὺς
903 1726 953 1788 καὶ
964 1728 1093 1804 πρῶτον
1107 1775 1113 1787 .
1127 1775 1132 1788 .
1148 1775 1153 1787 .
1170 1720 1234 1788 εἶτα

108 1824 166 1890 ἀπὸ
183 1830 238 1888 τοῦ
251 1826 511 1906 παρεληλυθότος
524 1825 644 1905 χρόνου
659 1875 665 1888 .
680 1875 706 1889 ..
726 1825 790 1890 ἀπὸ
804 1829 840 1890 δὲ
852 1830 910 1890 τοῦ
924 1828 1112 1905 μέλλοντοεῖ
1130 1827 1233 1904 Quam

107 1927 205 1992 laudis
226 1931 421 1993 structuram
444 1928 599 2010 praebent
622 1927 769 2012 Gregorii
793 1929 934 2012 Nysseni
959 1930 1232 2013 consolationesil.

191 2030 252 2096 Sed
274 2030 467 2096 accedamus
491 2029 531 2094 ad
547 2031 691 2095 rhetores
707 2032 907 2114 posteriores.
932 2033 1040 2114 Atque
1055 2033 1121 2096 iam
1136 2052 1233 2116 supra

107 2136 307 2217 exposuimus
317 2135 440 2218 (png)
448 2135 685 2198 Anaximenem
693 2133 855 2199 studuisse
866 2134 1232 2218 ordinemdispositionis

107 2237 363 2321 chronologicum
380 2236 576 2318 coniungere
594 2235 735 2299 camillo
753 2236 872 2318 ordine,
890 2237 944 2319 qui
961 2235 1119 2301 divisione
1134 2237 1232 2300 bono·

107 2359 172 2402 rum
194 2342 324 2416 nititur3
349 2339 436 2402 idem
452 2337 552 2403 Stoici
576 2338 757 2403 voluerunt.
785 2338 899 2422 Neque
923 2343 1030 2402 tamen
1054 2339 1104 2403 his
1127 2358 1232 2422 neque

106 2442 148 2504 illi
174 2442 207 2505 id
233 2444 329 2528 plane
359 2442 530 2524 contigit³).
568 2439 672 2517 Quare
700 2442 840 2524 fuerunt,
870 2443 925 2524 qui
952 2443 1119 2524 pristinam
1145 2442 1233 2505 illam

106 2544 239 2629 formam,
264 2565 363 2628 quam
385 2544 420 2607 in
440 2543 590 2608 Isocratis
612 2543 707 2609 laude
724 2543 900 2609 Alcibiadis
924 2546 1158 2627 inveneramus,
1183 2564 1232 2609 se-

107 2655 274 2730 querentur
289 2648 455 2731 iidemque
472 2645 680 2729 respicientes
697 2647 828 2710 alteram
841 2648 1054 2730 partitionem,
1080 2667 1161 2730 quae
1184 2667 1234 2712 se·

107 2752 239 2815 cundum
251 2753 338 2815 bona
350 2750 498 2834 disponit.
523 2750 631 2830 Atque
646 2749 743 2812 huius
755 2751 883 2832 generis
896 2749 1145 2833 dispositionem,
1159 2770 1234 2814 curn

105 2853 162 2917 iarn
185 2855 296 2920 Cicero
321 2857 411 2937 (part.
433 2857 509 2916 orat.
532 2853 583 2934 22,
607 2853 661 2929 74)
685 2857 716 2916 et
740 2851 957 2928 Quintilianus
980 2854 1064 2936 (inst.
1082 2859 1159 2918 orat.
1174 2851 1234 2937 III,

107 2959 131 3039 l,
148 2960 198 3040 15)
221 2958 510 3038 adumbravissent,
531 2957 658 3038 copiose
676 2956 862 3040 explanavit
884 2955 1152 3039 Hermogenes,
1178 2958 1234 3040 qui

106 3062 295 3145 temporibus
312 3060 416 3124 Marci
432 3059 558 3123 Aurelii
573 3058 674 3142 iuit4).
699 3057 886 3124 Aristidis
902 3064 1011 3123 autem
1027 3066 1135 3142 artem,
1153 3080 1234 3144 quae

105 3163 165 3228 tere
186 3165 282 3248 plane
307 3183 384 3230 cum
406 3161 619 3245 Hermogenis
644 3162 862 3244 consentiatll,
887 3167 1061 3245 praetereo.

106 3272 315 3285 ——

186 3326 206 3396 ¹)
226 3324 430 3390 Volkmann,
451 3322 496 3375 die
515 3321 653 3375 Rhetorik
673 3322 723 3377 der
746 3321 884 3376 Griechen
911 3320 968 3375 und
987 3323 1091 3376 Romer
1110 3338 1153 3391 pg.
1172 3322 1234 3376 274.

106 3410 229 3465 —Hanc
249 3407 432 3478 partitionem
455 3405 572 3475 praebet
596 3406 682 3460 etiam
702 3405 851 3474 Emporias
876 3405 975 3475 (Halm,
996 3406 1122 3461 rhetores
1141 3405 1235 3461 Latini

105 3509 142 3562 pg.
155 3496 204 3549 567
225 3511 258 3549 se
300 3535 304 3546 .

187 3580 207 3650 ¹)
220 3581 245 3634 J.
255 3493 380 3645 diriter,
389 3575 664 3631 DieTrostredendes
672 3576 1234 3646 Gregoriosvonllyssa,diss.llarp.1892.

185 3668 206 3738 ³)
228 3667 272 3721 Ita
296 3680 382 3731 mors,
402 3679 476 3733 quae
500 3661 529 3716 in
554 3662 766 3718 laudationibus
790 3667 965 3716 mortuorum
988 3662 1236 3718 commemoranda

105 3756 165 3819 erat,
177 3753 206 3806 in
220 3748 368 3806 Cornificii
383 3751 443 3802 arte
457 3747 482 3802 ei
495 3746 568 3816 parti
578 3748 730 3802 subiuncta
745 3750 795 3816 est,
810 3764 882 3817 quae
896 3746 983 3801 animi
996 3747 1114 3802 virtutes
1125 3750 1197 3801 tract
1215 3751 1234 3801 t.

185 3838 206 3908 ⁴)
225 3837 299 3891 Eum
312 3836 379 3888 ante
393 3832 535 3887 Thoonem
548 3831 635 3887 luisse
647 3833 823 3888 demonstrat
836 3831 1057 3901 Hoppichler,
1071 3833 1111 3887 De
1121 3831 1235 3886 Theona

104 3921 281 3994 Hermogene,
307 3917 524 3988 Aphthonioque
550 3922 832 3988 progymnasmatum
861 3917 1045 3985 scriptoribus
1072 3917 1137 3972 diss.
1161 3915 1234 3970 Viro.

105 4005 167 4061 1884
184 4025 228 4078 pg.
245 4007 290 4073 23,
304 4004 348 4072 29,
362 4003 404 4057 35.
426 4033 460 4042 -
480 4002 664 4072 Schrader,
684 4005 777 4057 Herm.
791 4003 923 4058 XXXVlll
941 4001 1032 4072 (1903)
1050 4019 1093 4072 pg.
1109 4000 1167 4056 145.

185 4094 205 4164 ὅ)
225 4092 258 4146 Η.
274 4093 379 4145 Baum
385 4091 471 4157 gart,
490 4088 586 4142 Aelius
600 4088 737 4143 Aristides
758 4089 801 4143 als
814 4089 1022 4157 Reprttsentant
1035 4089 1085 4143 der
1104 4083 1236 4153 sophisti-

105 4177 182 4232 sohen
199 4175 342 4234 Rhetorik
362 4174 412 4228 des
432 4174 457 4229 2.
470 4172 566 4227 Jahrh.
580 4174 629 4228 der
643 4173 799 4228 Kaiserzeit
816 4173 887 4227 1874
899 4189 941 4242 pg.
957 4172 1009 4225 139
1029 4190 1120 4244 seqq.;
1140 4168 1237 4224 Volk-

106 4278 205 4334 mann,
217 4263 271 4319 Die
283 4260 420 4314 Rhetorik
431 4259 457 4313 d.
468 4258 578 4315 Griech.
587 4277 613 4314 u.
622 4261 744 4314 Rbrner¹
754 4275 797 4328 pg.
808 4259 869 4313 553.
881 4289 912 4297 -
926 4257 1052 4328 Christ,
1068 4254 1237 4314 Gesehichte

105 4346 148 4402 der
164 4349 269 4420 griech.
285 4345 444 4400 Literatur⁴
463 4343 516 4398 748
535 4343 603 4399 adn.
617 4346 642 4400 3.
658 4376 691 4384 -
711 4345 841 4414 Spengel,
860 4346 929 4398 rhet.
944 4360 982 4412 gr.
996 4345 1019 4396 ll
1038 4345 1099 4399 504.
