<?xml version="1.0" encoding="UTF-8"?>
<!DOCTYPE html PUBLIC "-//W3C//DTD XHTML 1.0 Transitional//EN"
    "http://www.w3.org/TR/xhtml1/DTD/xhtml1-transitional.dtd">
<html xmlns="http://www.w3.org/1999/xhtml" xml:lang="en" lang="en">
 <head>
  <title>
</title>
<meta http-equiv="Content-Type" content="text/html;charset=utf-8" />
  <meta name='ocr-system' content='tesseract 3.04.00' />
  <meta name='ocr-capabilities' content='ocr_page ocr_carea ocr_par ocr_line ocrx_word'/>
</head>
<body>
  <div class='ocr_page' id='page_1' title='image "./dissertationesp01unkngoog_0216.png"; bbox 0 0 3240 5252; ppageno 0'>
   <div class='ocr_carea' id='block_1_1' title="bbox 7 1 27 224">
    <p class='ocr_par' dir='ltr' id='par_1_1' title="bbox 7 1 27 224">
     <span class='ocr_line' id='line_1_1' title="bbox 7 1 27 224; baseline 0 0"><span class='ocrx_word' id='word_1_1' title='bbox 7 1 27 224; x_wconf 90' lang='lat' dir='ltr'>l</span> 
     </span>
    </p>
   </div>
   <div class='ocr_carea' id='block_1_2' title="bbox 6 225 8 272">
    <p class='ocr_par' dir='ltr' id='par_1_2' title="bbox 6 225 8 272">
     <span class='ocr_line' id='line_1_2' title="bbox 6 225 8 272; baseline 0 0"><span class='ocrx_word' id='word_1_2' title='bbox 6 225 8 272; x_wconf 91' lang='lat' dir='ltr'>l</span> 
     </span>
    </p>
   </div>
   <div class='ocr_carea' id='block_1_3' title="bbox 5 369 1319 569">
    <p class='ocr_par' dir='ltr' id='par_1_3' title="bbox 5 369 1319 569">
     <span class='ocr_line' id='line_1_3' title="bbox 5 369 1319 569; baseline 0.001 -19"><span class='ocrx_word' id='word_1_3' title='bbox 5 369 14 550; x_wconf 87' lang='lat' dir='ltr'>l</span> <span class='ocrx_word' id='word_1_4' title='bbox 176 483 269 569; x_wconf 85' lang='grc'>[191]</span> <span class='ocrx_word' id='word_1_5' title='bbox 425 515 426 518; x_wconf 47' lang='grc'><strong>“</strong></span> <span class='ocrx_word' id='word_1_6' title='bbox 631 491 728 547; x_wconf 86' lang='lat' dir='ltr'>Studia</span> <span class='ocrx_word' id='word_1_7' title='bbox 747 489 884 547; x_wconf 85' lang='lat' dir='ltr'>Tulliana.</span> <span class='ocrx_word' id='word_1_8' title='bbox 1279 485 1319 551; x_wconf 85' lang='lat'>31</span> 
     </span>
    </p>
   </div>
   <div class='ocr_carea' id='block_1_4' title="bbox 26 656 51 796">
    <p class='ocr_par' dir='ltr' id='par_1_4' title="bbox 22 636 51 796">
     <span class='ocr_line' id='line_1_4' title="bbox 26 656 51 796; baseline 0 0"><span class='ocrx_word' id='word_1_9' title='bbox 26 656 51 796; x_wconf 76' lang='grc'>1</span> 
     </span>
    </p>
   </div>
   <div class='ocr_carea' id='block_1_5' title="bbox 182 661 1321 2394">
    <p class='ocr_par' dir='ltr' id='par_1_5' title="bbox 182 661 1321 2394">
     <span class='ocr_line' id='line_1_5' title="bbox 269 661 1321 748; baseline 0 -20"><span class='ocrx_word' id='word_1_10' title='bbox 269 661 427 728; x_wconf 91' lang='lat' dir='ltr'>Primum</span> <span class='ocrx_word' id='word_1_11' title='bbox 450 664 536 728; x_wconf 91' lang='lat' dir='ltr'>enim</span> <span class='ocrx_word' id='word_1_12' title='bbox 560 668 705 727; x_wconf 90' lang='lat' dir='ltr'>naturam</span> <span class='ocrx_word' id='word_1_13' title='bbox 729 661 795 728; x_wconf 93' lang='lat' dir='ltr'>ullo</span> <span class='ocrx_word' id='word_1_14' title='bbox 819 663 913 727; x_wconf 93' lang='lat' dir='ltr'>modo</span> <span class='ocrx_word' id='word_1_15' title='bbox 937 685 955 727; x_wconf 92' lang='lat' dir='ltr'>a</span> <span class='ocrx_word' id='word_1_16' title='bbox 974 663 1007 726; x_wconf 90' lang='lat' dir='ltr'>vl</span> <span class='ocrx_word' id='word_1_17' title='bbox 1026 665 1147 747; x_wconf 84' lang='lat' dir='ltr'>ingenii</span> <span class='ocrx_word' id='word_1_18' title='bbox 1167 661 1321 748; x_wconf 77' lang='lat' dir='ltr'>distingui</span> 
     </span>
     <span class='ocr_line' id='line_1_6' title="bbox 182 762 1320 850; baseline 0.004 -21"><span class='ocrx_word' id='word_1_19' title='bbox 182 765 232 830; x_wconf 85' lang='lat' dir='ltr'>rel</span> <span class='ocrx_word' id='word_1_20' title='bbox 263 767 294 830; x_wconf 90' lang='lat' dir='ltr'>ei</span> <span class='ocrx_word' id='word_1_21' title='bbox 327 767 452 850; x_wconf 91' lang='lat' dir='ltr'>opponi</span> <span class='ocrx_word' id='word_1_22' title='bbox 483 785 577 849; x_wconf 91' lang='lat' dir='ltr'>posse</span> <span class='ocrx_word' id='word_1_23' title='bbox 608 767 738 848; x_wconf 82' lang='lat' dir='ltr'>negarit</span> <span class='ocrx_word' id='word_1_24' title='bbox 768 763 929 849; x_wconf 82' lang='lat' dir='ltr'>Sauppius</span> <span class='ocrx_word' id='word_1_25' title='bbox 959 765 993 829; x_wconf 89' lang='lat' dir='ltr'>in</span> <span class='ocrx_word' id='word_1_26' title='bbox 1023 765 1163 832; x_wconf 89' lang='lat' dir='ltr'>Coniect.</span> <span class='ocrx_word' id='word_1_27' title='bbox 1187 762 1320 835; x_wconf 78' lang='lat' dir='ltr'>Tullian.</span> 
     </span>
     <span class='ocr_line' id='line_1_7' title="bbox 182 868 1321 954; baseline 0.004 -23"><span class='ocrx_word' id='word_1_28' title='bbox 182 868 323 952; x_wconf 81' lang='lat' dir='ltr'>Gotting.</span> <span class='ocrx_word' id='word_1_29' title='bbox 344 870 431 932; x_wconf 82' lang='grc'>1857</span> <span class='ocrx_word' id='word_1_30' title='bbox 458 888 526 952; x_wconf 89' lang='lat' dir='ltr'>pag.</span> <span class='ocrx_word' id='word_1_31' title='bbox 544 869 563 932; x_wconf 99' lang='grc'><strong>6</strong></span> <span class='ocrx_word' id='word_1_32' title='bbox 580 870 666 954; x_wconf 87' lang='lat' dir='ltr'>sq.¹),</span> <span class='ocrx_word' id='word_1_33' title='bbox 698 871 774 951; x_wconf 94' lang='lat' dir='ltr'>quia</span> <span class='ocrx_word' id='word_1_34' title='bbox 797 871 824 932; x_wconf 91' lang='lat' dir='ltr'>si</span> <span class='ocrx_word' id='word_1_35' title='bbox 848 869 976 953; x_wconf 90' lang='lat' dir='ltr'>quando</span> <span class='ocrx_word' id='word_1_36' title='bbox 1008 875 1140 935; x_wconf 86' lang='lat' dir='ltr'>naturae</span> <span class='ocrx_word' id='word_1_37' title='bbox 1165 876 1197 935; x_wconf 91' lang='lat' dir='ltr'>ct</span> <span class='ocrx_word' id='word_1_38' title='bbox 1226 872 1321 936; x_wconf 89' lang='lat' dir='ltr'>disci·</span> 
     </span>
     <span class='ocr_line' id='line_1_8' title="bbox 184 969 1321 1059; baseline 0.005 -25"><span class='ocrx_word' id='word_1_39' title='bbox 184 969 289 1055; x_wconf 88' lang='lat' dir='ltr'>plinae</span> <span class='ocrx_word' id='word_1_40' title='bbox 305 971 440 1036; x_wconf 90' lang='lat' dir='ltr'>tertium</span> <span class='ocrx_word' id='word_1_41' title='bbox 457 972 617 1054; x_wconf 85' lang='lat' dir='ltr'>quoddam</span> <span class='ocrx_word' id='word_1_42' title='bbox 633 974 812 1054; x_wconf 82' lang='lat' dir='ltr'>adderetur,</span> <span class='ocrx_word' id='word_1_43' title='bbox 837 993 900 1056; x_wconf 92' lang='lat' dir='ltr'>quo</span> <span class='ocrx_word' id='word_1_44' title='bbox 925 975 964 1038; x_wconf 90' lang='lat' dir='ltr'>ad</span> <span class='ocrx_word' id='word_1_45' title='bbox 985 974 1201 1058; x_wconf 80' lang='lat' dir='ltr'>eloquentiam</span> <span class='ocrx_word' id='word_1_46' title='bbox 1220 977 1321 1059; x_wconf 90' lang='lat' dir='ltr'>impe-</span> 
     </span>
     <span class='ocr_line' id='line_1_9' title="bbox 186 1075 1321 1162; baseline 0.004 -25"><span class='ocrx_word' id='word_1_47' title='bbox 186 1075 332 1138; x_wconf 89' lang='lat' dir='ltr'>trandam</span> <span class='ocrx_word' id='word_1_48' title='bbox 352 1093 435 1158; x_wconf 90' lang='lat' dir='ltr'>opus</span> <span class='ocrx_word' id='word_1_49' title='bbox 451 1079 544 1157; x_wconf 90' lang='lat' dir='ltr'>esset,</span> <span class='ocrx_word' id='word_1_50' title='bbox 561 1077 825 1140; x_wconf 80' lang='lat' dir='ltr'>exercitationem</span> <span class='ocrx_word' id='word_1_51' title='bbox 842 1077 996 1142; x_wconf 83' lang='lat' dir='ltr'>accedere</span> <span class='ocrx_word' id='word_1_52' title='bbox 1014 1081 1159 1162; x_wconf 91' lang='lat' dir='ltr'>oportere</span> <span class='ocrx_word' id='word_1_53' title='bbox 1176 1078 1321 1144; x_wconf 86' lang='lat' dir='ltr'>dicerent</span> 
     </span>
     <span class='ocr_line' id='line_1_10' title="bbox 187 1175 1321 1266; baseline 0.005 -27"><span class='ocrx_word' id='word_1_54' title='bbox 187 1177 370 1259; x_wconf 68' lang='lat' dir='ltr'>rhetores2),</span> <span class='ocrx_word' id='word_1_55' title='bbox 396 1182 433 1240; x_wconf 93' lang='lat' dir='ltr'>ut</span> <span class='ocrx_word' id='word_1_56' title='bbox 450 1175 499 1241; x_wconf 92' lang='lat' dir='ltr'>De</span> <span class='ocrx_word' id='word_1_57' title='bbox 518 1197 561 1242; x_wconf 94' lang='lat' dir='ltr'>or.</span> <span class='ocrx_word' id='word_1_58' title='bbox 577 1178 619 1258; x_wconf 87' lang='grc' dir='ltr'>Π,</span> <span class='ocrx_word' id='word_1_59' title='bbox 637 1180 748 1259; x_wconf 68' lang='lat'>150³)</span> <span class='ocrx_word' id='word_1_60' title='bbox 773 1177 862 1243; x_wconf 85' lang='lat' dir='ltr'>Iuter</span> <span class='ocrx_word' id='word_1_61' title='bbox 884 1181 1042 1265; x_wconf 75' lang='lat' dir='ltr'>inpertiam</span> <span class='ocrx_word' id='word_1_62' title='bbox 1061 1179 1182 1266; x_wconf 79' lang='lat' dir='ltr'>quidem</span> <span class='ocrx_word' id='word_1_63' title='bbox 1197 1185 1226 1245; x_wconf 87' lang='lat' dir='ltr'>et</span> <span class='ocrx_word' id='word_1_64' title='bbox 1248 1181 1321 1246; x_wconf 86' lang='lat' dir='ltr'>dili-</span> 
     </span>
     <span class='ocr_line' id='line_1_11' title="bbox 185 1277 1321 1367; baseline 0.003 -22"><span class='ocrx_word' id='word_1_65' title='bbox 185 1283 320 1367; x_wconf 77' lang='lat' dir='ltr'>pentiam</span> <span class='ocrx_word' id='word_1_66' title='bbox 331 1279 556 1366; x_wconf 79' lang='lat' dir='ltr'>perpaululum</span> <span class='ocrx_word' id='word_1_67' title='bbox 571 1283 629 1345; x_wconf 87' lang='lat' dir='ltr'>loci</span> <span class='ocrx_word' id='word_1_68' title='bbox 643 1281 797 1366; x_wconf 85' lang='lat' dir='ltr'>reliquum</span> <span class='ocrx_word' id='word_1_69' title='bbox 812 1287 855 1345; x_wconf 82' lang='lat' dir='ltr'>est</span> <span class='ocrx_word' id='word_1_70' title='bbox 870 1283 950 1360; x_wconf 84' lang='lat' dir='ltr'>arti3</span> <span class='ocrx_word' id='word_1_71' title='bbox 967 1277 1056 1346; x_wconf 91' lang='lat' dir='ltr'>Brut.</span> <span class='ocrx_word' id='word_1_72' title='bbox 1075 1283 1164 1362; x_wconf 73' lang='lat'>25⁴)</span> <span class='ocrx_word' id='word_1_73' title='bbox 1189 1284 1249 1348; x_wconf 86' lang='lat' dir='ltr'>sire</span> <span class='ocrx_word' id='word_1_74' title='bbox 1264 1280 1321 1348; x_wconf 85' lang='lat' dir='ltr'>iila</span> 
     </span>
     <span class='ocr_line' id='line_1_12' title="bbox 189 1381 1320 1472; baseline 0.004 -26"><span class='ocrx_word' id='word_1_75' title='bbox 189 1383 264 1466; x_wconf 86' lang='lat' dir='ltr'>(scil.</span> <span class='ocrx_word' id='word_1_76' title='bbox 282 1381 477 1466; x_wconf 85' lang='lat' dir='ltr'>eloquentia)</span> <span class='ocrx_word' id='word_1_77' title='bbox 501 1390 568 1448; x_wconf 88' lang='lat' dir='ltr'>arte</span> <span class='ocrx_word' id='word_1_78' title='bbox 585 1387 737 1469; x_wconf 83' lang='lat' dir='ltr'>pariatur</span> <span class='ocrx_word' id='word_1_79' title='bbox 759 1383 865 1470; x_wconf 86' lang='lat' dir='ltr'>aliquo</span> <span class='ocrx_word' id='word_1_80' title='bbox 883 1387 943 1450; x_wconf 85' lang='lat' dir='ltr'>eice</span> <span class='ocrx_word' id='word_1_81' title='bbox 957 1385 1170 1450; x_wconf 79' lang='lat' dir='ltr'>exercitatiore</span> <span class='ocrx_word' id='word_1_82' title='bbox 1185 1387 1320 1472; x_wconf 83' lang='lat' dir='ltr'>quadam</span> 
     </span>
     <span class='ocr_line' id='line_1_13' title="bbox 187 1480 1320 1570; baseline 0 -18"><span class='ocrx_word' id='word_1_83' title='bbox 187 1489 247 1552; x_wconf 82' lang='lat' dir='ltr'>atae</span> <span class='ocrx_word' id='word_1_84' title='bbox 258 1480 392 1566; x_wconf 78' lang='lat' dir='ltr'>natura,</span> <span class='ocrx_word' id='word_1_85' title='bbox 409 1485 551 1550; x_wconf 89' lang='lat' dir='ltr'>Platonis</span> <span class='ocrx_word' id='word_1_86' title='bbox 563 1481 696 1550; x_wconf 90' lang='lat' dir='ltr'>Phaedr.</span> <span class='ocrx_word' id='word_1_87' title='bbox 710 1505 780 1570; x_wconf 88' lang='lat' dir='ltr'>pag.</span> <span class='ocrx_word' id='word_1_88' title='bbox 794 1484 858 1549; x_wconf 84' lang='grc'>269</span> <span class='ocrx_word' id='word_1_89' title='bbox 872 1482 900 1549; x_wconf 90' lang='lat' dir='ltr'>D</span> <span class='ocrx_word' id='word_1_90' title='bbox 914 1482 1003 1550; x_wconf 79' lang='lat' dir='ltr'>Scht</span> <span class='ocrx_word' id='word_1_91' title='bbox 1022 1485 1047 1551; x_wconf 81' lang='lat' dir='ltr'>el</span> <span class='ocrx_word' id='word_1_92' title='bbox 1060 1487 1117 1565; x_wconf 79' lang='lat' dir='ltr'>utu</span> <span class='ocrx_word' id='word_1_93' title='bbox 1130 1505 1175 1551; x_wconf 81' lang='lat' dir='ltr'>cor</span> <span class='ocrx_word' id='word_1_94' title='bbox 1187 1487 1320 1567; x_wconf 82' lang='grc' dir='ltr'>ὑπάρχει</span> 
     </span>
     <span class='ocr_line' id='line_1_14' title="bbox 190 1583 1320 1672; baseline 0.002 -20"><span class='ocrx_word' id='word_1_95' title='bbox 190 1589 276 1668; x_wconf 77' lang='grc' dir='ltr'>φύεει</span> <span class='ocrx_word' id='word_1_96' title='bbox 289 1587 445 1672; x_wconf 80' lang='grc' dir='ltr'>ῥητορικῷ</span> <span class='ocrx_word' id='word_1_97' title='bbox 463 1583 550 1671; x_wconf 80' lang='grc' dir='ltr'>εἶναι,</span> <span class='ocrx_word' id='word_1_98' title='bbox 567 1587 627 1654; x_wconf 71' lang='lat' dir='ltr'>iter</span> <span class='ocrx_word' id='word_1_99' title='bbox 643 1587 748 1668; x_wconf 81' lang='grc' dir='ltr'>ῥήτωρ</span> <span class='ocrx_word' id='word_1_100' title='bbox 766 1587 937 1670; x_wconf 73' lang='grc' dir='ltr'>ἐλλόγιμος,</span> <span class='ocrx_word' id='word_1_101' title='bbox 953 1591 1141 1668; x_wconf 77' lang='grc' dir='ltr'>προελαβὼν</span> <span class='ocrx_word' id='word_1_102' title='bbox 1155 1589 1320 1669; x_wconf 76' lang='grc' dir='ltr'>ἑπιετήμην</span> 
     </span>
     <span class='ocr_line' id='line_1_15' title="bbox 189 1689 1320 1776; baseline 0.002 -22"><span class='ocrx_word' id='word_1_103' title='bbox 189 1710 222 1755; x_wconf 91' lang='grc' dir='ltr'>τε</span> <span class='ocrx_word' id='word_1_104' title='bbox 244 1693 294 1754; x_wconf 86' lang='grc' dir='ltr'>καὶ</span> <span class='ocrx_word' id='word_1_105' title='bbox 317 1691 458 1769; x_wconf 76' lang='grc' dir='ltr'>μελέτην.</span> <span class='ocrx_word' id='word_1_106' title='bbox 490 1691 583 1755; x_wconf 84' lang='lat' dir='ltr'>Addo</span> <span class='ocrx_word' id='word_1_107' title='bbox 607 1692 665 1755; x_wconf 92' lang='lat' dir='ltr'>hos</span> <span class='ocrx_word' id='word_1_108' title='bbox 688 1691 793 1755; x_wconf 91' lang='lat' dir='ltr'>locos:</span> <span class='ocrx_word' id='word_1_109' title='bbox 820 1689 884 1754; x_wconf 89' lang='lat' dir='ltr'>Cio.</span> <span class='ocrx_word' id='word_1_110' title='bbox 903 1689 955 1754; x_wconf 89' lang='lat' dir='ltr'>Or.</span> <span class='ocrx_word' id='word_1_111' title='bbox 973 1691 1031 1754; x_wconf 83' lang='lat'>99:</span> <span class='ocrx_word' id='word_1_112' title='bbox 1056 1693 1174 1771; x_wconf 80' lang='lat' dir='ltr'>(orator</span> <span class='ocrx_word' id='word_1_113' title='bbox 1194 1693 1320 1776; x_wconf 86' lang='lat' dir='ltr'>gravis),</span> 
     </span>
     <span class='ocr_line' id='line_1_16' title="bbox 186 1791 1321 1862; baseline 0.001 -2"><span class='ocrx_word' id='word_1_114' title='bbox 186 1793 216 1860; x_wconf 83' lang='lat' dir='ltr'>ai</span> <span class='ocrx_word' id='word_1_115' title='bbox 237 1793 279 1859; x_wconf 84' lang='lat' dir='ltr'>ad</span> <span class='ocrx_word' id='word_1_116' title='bbox 301 1793 354 1859; x_wconf 79' lang='lat' dir='ltr'>iaec</span> <span class='ocrx_word' id='word_1_117' title='bbox 378 1813 476 1859; x_wconf 86' lang='lat' dir='ltr'>uuum</span> <span class='ocrx_word' id='word_1_118' title='bbox 499 1803 543 1860; x_wconf 81' lang='lat' dir='ltr'>est</span> <span class='ocrx_word' id='word_1_119' title='bbox 565 1799 657 1859; x_wconf 78' lang='lat' dir='ltr'>uatus</span> <span class='ocrx_word' id='word_1_120' title='bbox 679 1801 735 1859; x_wconf 89' lang='lat' dir='ltr'>aut</span> <span class='ocrx_word' id='word_1_121' title='bbox 758 1797 792 1859; x_wconf 86' lang='lat' dir='ltr'>iu</span> <span class='ocrx_word' id='word_1_122' title='bbox 815 1791 869 1858; x_wconf 80' lang='lat' dir='ltr'>hoc</span> <span class='ocrx_word' id='word_1_123' title='bbox 892 1793 954 1860; x_wconf 86' lang='lat' dir='ltr'>sola</span> <span class='ocrx_word' id='word_1_124' title='bbox 976 1815 1006 1860; x_wconf 80' lang='lat' dir='ltr'>se</span> <span class='ocrx_word' id='word_1_125' title='bbox 1023 1799 1158 1861; x_wconf 74' lang='lat' dir='ltr'>exacuit</span> <span class='ocrx_word' id='word_1_126' title='bbox 1176 1801 1231 1860; x_wconf 89' lang='lat' dir='ltr'>aut</span> <span class='ocrx_word' id='word_1_127' title='bbox 1249 1793 1321 1862; x_wconf 79' lang='lat' dir='ltr'>huic</span> 
     </span>
     <span class='ocr_line' id='line_1_17' title="bbox 183 1893 1320 1987; baseline 0.003 -25"><span class='ocrx_word' id='word_1_128' title='bbox 183 1899 292 1983; x_wconf 71' lang='lat' dir='ltr'>pareri</span> <span class='ocrx_word' id='word_1_129' title='bbox 312 1893 464 1978; x_wconf 83' lang='lat' dir='ltr'>studuit⁵)</span> <span class='ocrx_word' id='word_1_130' title='bbox 487 1899 558 1976; x_wconf 81' lang='lat' dir='ltr'>uui3</span> <span class='ocrx_word' id='word_1_131' title='bbox 589 1897 636 1962; x_wconf 92' lang='lat' dir='ltr'>De</span> <span class='ocrx_word' id='word_1_132' title='bbox 661 1915 704 1961; x_wconf 91' lang='lat' dir='ltr'>or.</span> <span class='ocrx_word' id='word_1_133' title='bbox 725 1895 770 1978; x_wconf 88' lang='lat' dir='ltr'>II,</span> <span class='ocrx_word' id='word_1_134' title='bbox 793 1897 873 1960; x_wconf 85' lang='lat'><strong>232:</strong></span> <span class='ocrx_word' id='word_1_135' title='bbox 903 1917 952 1979; x_wconf 91' lang='lat' dir='ltr'>ea,</span> <span class='ocrx_word' id='word_1_136' title='bbox 981 1917 1058 1984; x_wconf 85' lang='lat' dir='ltr'>quae</span> <span class='ocrx_word' id='word_1_137' title='bbox 1084 1906 1213 1980; x_wconf 80' lang='lat' dir='ltr'>natura,</span> <span class='ocrx_word' id='word_1_138' title='bbox 1243 1918 1320 1987; x_wconf 85' lang='lat' dir='ltr'>quae</span> 
     </span>
     <span class='ocr_line' id='line_1_18' title="bbox 185 1997 1318 2088; baseline 0.003 -24"><span class='ocrx_word' id='word_1_139' title='bbox 185 2001 299 2081; x_wconf 82' lang='lat' dir='ltr'>studio,</span> <span class='ocrx_word' id='word_1_140' title='bbox 328 2021 406 2086; x_wconf 86' lang='lat' dir='ltr'>quae</span> <span class='ocrx_word' id='word_1_141' title='bbox 435 2001 648 2066; x_wconf 76' lang='lat' dir='ltr'>exercitatione</span> <span class='ocrx_word' id='word_1_142' title='bbox 676 2003 901 2086; x_wconf 80' lang='lat' dir='ltr'>consequimur3</span> <span class='ocrx_word' id='word_1_143' title='bbox 934 1997 1024 2064; x_wconf 89' lang='lat' dir='ltr'>Brut.</span> <span class='ocrx_word' id='word_1_144' title='bbox 1045 2002 1104 2064; x_wconf 82' lang='lat'>22:</span> <span class='ocrx_word' id='word_1_145' title='bbox 1133 2003 1318 2088; x_wconf 78' lang='lat' dir='ltr'>ecquodnam</span> 
     </span>
     <span class='ocr_line' id='line_1_19' title="bbox 184 2101 1319 2188; baseline 0.001 -21"><span class='ocrx_word' id='word_1_146' title='bbox 184 2101 377 2168; x_wconf 85' lang='lat' dir='ltr'>curriculum</span> <span class='ocrx_word' id='word_1_147' title='bbox 401 2101 570 2188; x_wconf 81' lang='lat' dir='ltr'>aliquanda</span> <span class='ocrx_word' id='word_1_148' title='bbox 591 2105 631 2168; x_wconf 85' lang='lat' dir='ltr'>sit</span> <span class='ocrx_word' id='word_1_149' title='bbox 649 2103 794 2168; x_wconf 80' lang='lat' dir='ltr'>habitura</span> <span class='ocrx_word' id='word_1_150' title='bbox 813 2109 868 2167; x_wconf 87' lang='lat' dir='ltr'>tua</span> <span class='ocrx_word' id='word_1_151' title='bbox 887 2103 940 2185; x_wconf 86' lang='lat' dir='ltr'>(sc.</span> <span class='ocrx_word' id='word_1_152' title='bbox 957 2103 1062 2184; x_wconf 90' lang='lat' dir='ltr'>Bruti)</span> <span class='ocrx_word' id='word_1_153' title='bbox 1085 2111 1113 2168; x_wconf 88' lang='lat' dir='ltr'>et</span> <span class='ocrx_word' id='word_1_154' title='bbox 1131 2111 1247 2168; x_wconf 86' lang='lat' dir='ltr'>actura</span> <span class='ocrx_word' id='word_1_155' title='bbox 1262 2105 1319 2169; x_wconf 85' lang='lat' dir='ltr'>ad-</span> 
     </span>
     <span class='ocr_line' id='line_1_20' title="bbox 184 2206 1319 2292; baseline 0.004 -23"><span class='ocrx_word' id='word_1_156' title='bbox 184 2206 339 2271; x_wconf 76' lang='lat' dir='ltr'>mirabilis</span> <span class='ocrx_word' id='word_1_157' title='bbox 361 2213 389 2271; x_wconf 88' lang='lat' dir='ltr'>et</span> <span class='ocrx_word' id='word_1_158' title='bbox 416 2209 566 2291; x_wconf 79' lang='lat' dir='ltr'>acquisita</span> <span class='ocrx_word' id='word_1_159' title='bbox 594 2207 737 2271; x_wconf 84' lang='lat' dir='ltr'>doctriua</span> <span class='ocrx_word' id='word_1_160' title='bbox 764 2213 792 2271; x_wconf 89' lang='lat' dir='ltr'>et</span> <span class='ocrx_word' id='word_1_161' title='bbox 815 2207 985 2292; x_wconf 71' lang='lat' dir='ltr'>singularia</span> <span class='ocrx_word' id='word_1_162' title='bbox 1006 2207 1181 2285; x_wconf 73' lang='lat' dir='ltr'>industria,</span> <span class='ocrx_word' id='word_1_163' title='bbox 1208 2207 1266 2270; x_wconf 82' lang='lat'>98:</span> <span class='ocrx_word' id='word_1_164' title='bbox 1291 2216 1319 2273; x_wconf 89' lang='lat' dir='ltr'>et</span> 
     </span>
     <span class='ocr_line' id='line_1_21' title="bbox 183 2307 1318 2394; baseline 0.003 -23"><span class='ocrx_word' id='word_1_165' title='bbox 183 2310 308 2392; x_wconf 76' lang='lat' dir='ltr'>tapecia</span> <span class='ocrx_word' id='word_1_166' title='bbox 327 2307 426 2372; x_wconf 83' lang='lat' dir='ltr'>valuit</span> <span class='ocrx_word' id='word_1_167' title='bbox 443 2310 497 2390; x_wconf 91' lang='lat' dir='ltr'>(sc.</span> <span class='ocrx_word' id='word_1_168' title='bbox 513 2307 547 2371; x_wconf 89' lang='lat' dir='ltr'>P.</span> <span class='ocrx_word' id='word_1_169' title='bbox 566 2307 711 2389; x_wconf 82' lang='lat' dir='ltr'>Crassus)</span> <span class='ocrx_word' id='word_1_170' title='bbox 730 2316 758 2373; x_wconf 91' lang='lat' dir='ltr'>et</span> <span class='ocrx_word' id='word_1_171' title='bbox 773 2309 875 2372; x_wconf 74' lang='lat' dir='ltr'>audio</span> <span class='ocrx_word' id='word_1_172' title='bbox 892 2315 920 2372; x_wconf 87' lang='lat' dir='ltr'>et</span> <span class='ocrx_word' id='word_1_173' title='bbox 939 2308 1046 2373; x_wconf 83' lang='lat' dir='ltr'>habuit</span> <span class='ocrx_word' id='word_1_174' title='bbox 1061 2311 1210 2394; x_wconf 83' lang='lat' dir='ltr'>quasdam</span> <span class='ocrx_word' id='word_1_175' title='bbox 1225 2313 1318 2375; x_wconf 88' lang='lat' dir='ltr'>etiam</span> 
     </span>
    </p>
   </div>
   <div class='ocr_carea' id='block_1_6' title="bbox 178 2496 1318 4441">
    <p class='ocr_par' dir='ltr' id='par_1_6' title="bbox 280 2496 982 2566">
     <span class='ocr_line' id='line_1_22' title="bbox 280 2496 982 2566; baseline -0.001 -16"><span class='ocrx_word' id='word_1_176' title='bbox 280 2497 301 2565; x_wconf 91' lang='lat'>¹)</span> <span class='ocrx_word' id='word_1_177' title='bbox 320 2497 449 2566; x_wconf 80' lang='lat' dir='ltr'>husgew.</span> <span class='ocrx_word' id='word_1_178' title='bbox 469 2497 615 2564; x_wconf 83' lang='lat' dir='ltr'>Schriften,</span> <span class='ocrx_word' id='word_1_179' title='bbox 635 2497 730 2552; x_wconf 89' lang='lat' dir='ltr'>Berlin</span> <span class='ocrx_word' id='word_1_180' title='bbox 750 2497 828 2564; x_wconf 87' lang='grc'><strong>1896,</strong></span> <span class='ocrx_word' id='word_1_181' title='bbox 847 2510 908 2566; x_wconf 86' lang='lat' dir='ltr'>pag.</span> <span class='ocrx_word' id='word_1_182' title='bbox 922 2496 982 2550; x_wconf 82' lang='lat'>209.</span> 
     </span>
    </p>

    <p class='ocr_par' dir='ltr' id='par_1_7' title="bbox 279 2581 1318 2651">
     <span class='ocr_line' id='line_1_23' title="bbox 279 2581 1318 2651; baseline -0.001 -15"><span class='ocrx_word' id='word_1_183' title='bbox 279 2585 299 2650; x_wconf 76' lang='lat'>²)</span> <span class='ocrx_word' id='word_1_184' title='bbox 319 2582 358 2636; x_wconf 86' lang='lat' dir='ltr'>Ci.</span> <span class='ocrx_word' id='word_1_185' title='bbox 372 2582 499 2636; x_wconf 88' lang='lat' dir='ltr'>Pideritii</span> <span class='ocrx_word' id='word_1_186' title='bbox 518 2583 690 2650; x_wconf 88' lang='lat' dir='ltr'>prooemium</span> <span class='ocrx_word' id='word_1_187' title='bbox 710 2582 745 2636; x_wconf 90' lang='lat' dir='ltr'>ad</span> <span class='ocrx_word' id='word_1_188' title='bbox 759 2583 798 2636; x_wconf 89' lang='lat' dir='ltr'>De</span> <span class='ocrx_word' id='word_1_189' title='bbox 817 2599 857 2636; x_wconf 90' lang='lat' dir='ltr'>or.</span> <span class='ocrx_word' id='word_1_190' title='bbox 878 2582 895 2636; x_wconf 91' lang='lat' dir='ltr'>l.</span> <span class='ocrx_word' id='word_1_191' title='bbox 910 2582 928 2636; x_wconf 91' lang='lat' dir='ltr'>l.</span> <span class='ocrx_word' id='word_1_192' title='bbox 949 2581 1016 2650; x_wconf 83' lang='lat' dir='ltr'>(not.</span> <span class='ocrx_word' id='word_1_193' title='bbox 1030 2581 1065 2634; x_wconf 73' lang='lat'>49</span> <span class='ocrx_word' id='word_1_194' title='bbox 1079 2581 1113 2634; x_wconf 91' lang='lat' dir='ltr'>ed</span> <span class='ocrx_word' id='word_1_195' title='bbox 1126 2581 1167 2635; x_wconf 87' lang='lat' dir='ltr'>Vl.</span> <span class='ocrx_word' id='word_1_196' title='bbox 1188 2595 1249 2650; x_wconf 86' lang='lat' dir='ltr'>pag.</span> <span class='ocrx_word' id='word_1_197' title='bbox 1265 2581 1318 2651; x_wconf 83' lang='lat'>15.)</span> 
     </span>
    </p>

    <p class='ocr_par' dir='ltr' id='par_1_8' title="bbox 184 2663 1317 2807">
     <span class='ocr_line' id='line_1_24' title="bbox 278 2663 1317 2736; baseline -0.003 -14"><span class='ocrx_word' id='word_1_198' title='bbox 278 2669 298 2736; x_wconf 85' lang='lat'>³)</span> <span class='ocrx_word' id='word_1_199' title='bbox 318 2667 464 2722; x_wconf 87' lang='lat' dir='ltr'>Ciceronis</span> <span class='ocrx_word' id='word_1_200' title='bbox 491 2667 602 2722; x_wconf 86' lang='lat' dir='ltr'>libellos</span> <span class='ocrx_word' id='word_1_201' title='bbox 630 2667 768 2721; x_wconf 89' lang='lat' dir='ltr'>oratorios</span> <span class='ocrx_word' id='word_1_202' title='bbox 792 2683 807 2720; x_wconf 90' lang='lat' dir='ltr'>e</span> <span class='ocrx_word' id='word_1_203' title='bbox 833 2664 976 2733; x_wconf 85' lang='lat' dir='ltr'>Friderici,</span> <span class='ocrx_word' id='word_1_204' title='bbox 1008 2669 1117 2720; x_wconf 87' lang='lat' dir='ltr'>ceteros</span> <span class='ocrx_word' id='word_1_205' title='bbox 1144 2681 1159 2718; x_wconf 87' lang='lat' dir='ltr'>e</span> <span class='ocrx_word' id='word_1_206' title='bbox 1184 2663 1212 2718; x_wconf 90' lang='lat' dir='ltr'>C.</span> <span class='ocrx_word' id='word_1_207' title='bbox 1231 2665 1259 2718; x_wconf 84' lang='lat' dir='ltr'>F.</span> <span class='ocrx_word' id='word_1_208' title='bbox 1277 2665 1317 2719; x_wconf 90' lang='lat' dir='ltr'>W.</span> 
     </span>
     <span class='ocr_line' id='line_1_25' title="bbox 184 2751 577 2807; baseline -0.005 0"><span class='ocrx_word' id='word_1_209' title='bbox 184 2752 313 2807; x_wconf 87' lang='lat' dir='ltr'>Muelleri</span> <span class='ocrx_word' id='word_1_210' title='bbox 333 2751 457 2806; x_wconf 84' lang='lat' dir='ltr'>editione</span> <span class='ocrx_word' id='word_1_211' title='bbox 477 2751 577 2806; x_wconf 87' lang='lat' dir='ltr'>citabo.</span> 
     </span>
    </p>

    <p class='ocr_par' dir='ltr' id='par_1_9' title="bbox 178 2833 1317 4356">
     <span class='ocr_line' id='line_1_26' title="bbox 277 2833 1317 2906; baseline -0.002 -16"><span class='ocrx_word' id='word_1_212' title='bbox 277 2837 298 2906; x_wconf 89' lang='lat'>⁴)</span> <span class='ocrx_word' id='word_1_213' title='bbox 316 2837 375 2892; x_wconf 88' lang='lat' dir='ltr'>Hac</span> <span class='ocrx_word' id='word_1_214' title='bbox 386 2836 464 2890; x_wconf 90' lang='lat' dir='ltr'>Bruti</span> <span class='ocrx_word' id='word_1_215' title='bbox 478 2837 653 2906; x_wconf 84' lang='lat' dir='ltr'>paragrapho</span> <span class='ocrx_word' id='word_1_216' title='bbox 665 2837 769 2890; x_wconf 89' lang='lat' dir='ltr'>collata</span> <span class='ocrx_word' id='word_1_217' title='bbox 782 2833 949 2904; x_wconf 84' lang='lat' dir='ltr'>Fridericus,</span> <span class='ocrx_word' id='word_1_218' title='bbox 964 2839 991 2889; x_wconf 90' lang='lat' dir='ltr'>et</span> <span class='ocrx_word' id='word_1_219' title='bbox 1004 2834 1062 2889; x_wconf 88' lang='lat' dir='ltr'>stili</span> <span class='ocrx_word' id='word_1_220' title='bbox 1074 2835 1194 2889; x_wconf 86' lang='lat' dir='ltr'>Tulliani</span> <span class='ocrx_word' id='word_1_221' title='bbox 1208 2837 1236 2889; x_wconf 92' lang='lat' dir='ltr'>et</span> <span class='ocrx_word' id='word_1_222' title='bbox 1249 2835 1317 2889; x_wconf 89' lang='lat' dir='ltr'>artis</span> 
     </span>
     <span class='ocr_line' id='line_1_27' title="bbox 188 2917 1317 2989; baseline -0.002 -14"><span class='ocrx_word' id='word_1_223' title='bbox 188 2921 344 2976; x_wconf 87' lang='lat' dir='ltr'>rhetoricae</span> <span class='ocrx_word' id='word_1_224' title='bbox 364 2921 409 2974; x_wconf 90' lang='lat' dir='ltr'>vir</span> <span class='ocrx_word' id='word_1_225' title='bbox 428 2919 475 2974; x_wconf 89' lang='lat' dir='ltr'>ille</span> <span class='ocrx_word' id='word_1_226' title='bbox 494 2921 692 2989; x_wconf 82' lang='lat' dir='ltr'>peritissimus,</span> <span class='ocrx_word' id='word_1_227' title='bbox 713 2920 742 2974; x_wconf 92' lang='lat' dir='ltr'>in</span> <span class='ocrx_word' id='word_1_228' title='bbox 761 2921 907 2975; x_wconf 88' lang='lat' dir='ltr'>annalium</span> <span class='ocrx_word' id='word_1_229' title='bbox 926 2935 944 2974; x_wconf 90' lang='lat' dir='ltr'>a</span> <span class='ocrx_word' id='word_1_230' title='bbox 963 2917 1154 2974; x_wconf 86' lang='lat' dir='ltr'>Fleckeisenio</span> <span class='ocrx_word' id='word_1_231' title='bbox 1178 2919 1317 2974; x_wconf 89' lang='lat' dir='ltr'>editorum</span> 
     </span>
     <span class='ocr_line' id='line_1_28' title="bbox 186 3003 1317 3075; baseline -0.003 -15"><span class='ocrx_word' id='word_1_232' title='bbox 186 3005 307 3060; x_wconf 80' lang='lat' dir='ltr'>vol.123</span> <span class='ocrx_word' id='word_1_233' title='bbox 326 3020 389 3075; x_wconf 90' lang='lat' dir='ltr'>pag.</span> <span class='ocrx_word' id='word_1_234' title='bbox 406 3005 458 3059; x_wconf 81' lang='lat'>180</span> <span class='ocrx_word' id='word_1_235' title='bbox 476 3006 638 3060; x_wconf 88' lang='lat' dir='ltr'>acutissime</span> <span class='ocrx_word' id='word_1_236' title='bbox 658 3003 770 3060; x_wconf 88' lang='lat' dir='ltr'>sanavit</span> <span class='ocrx_word' id='word_1_237' title='bbox 790 3003 915 3059; x_wconf 83' lang='lat' dir='ltr'>eiusdem</span> <span class='ocrx_word' id='word_1_238' title='bbox 935 3003 1013 3058; x_wconf 85' lang='lat' dir='ltr'>Bruti</span> <span class='ocrx_word' id='word_1_239' title='bbox 1032 3005 1048 3072; x_wconf 66' lang='grc'>9</span> <span class='ocrx_word' id='word_1_240' title='bbox 1067 3003 1128 3071; x_wconf 80' lang='grc'><strong>276,</strong></span> <span class='ocrx_word' id='word_1_241' title='bbox 1148 3017 1212 3058; x_wconf 93' lang='lat' dir='ltr'>cum</span> <span class='ocrx_word' id='word_1_242' title='bbox 1231 3019 1317 3058; x_wconf 90' lang='lat' dir='ltr'>unam</span> 
     </span>
     <span class='ocr_line' id='line_1_29' title="bbox 188 3088 1317 3159; baseline -0.004 -14"><span class='ocrx_word' id='word_1_243' title='bbox 188 3091 308 3146; x_wconf 87' lang='lat' dir='ltr'>litteram</span> <span class='ocrx_word' id='word_1_244' title='bbox 328 3094 458 3144; x_wconf 90' lang='lat' dir='ltr'>mutaret.</span> <span class='ocrx_word' id='word_1_245' title='bbox 486 3090 537 3144; x_wconf 89' lang='lat' dir='ltr'>Ubi</span> <span class='ocrx_word' id='word_1_246' title='bbox 557 3091 672 3159; x_wconf 88' lang='lat' dir='ltr'>legitur:</span> <span class='ocrx_word' id='word_1_247' title='bbox 692 3090 749 3142; x_wconf 86' lang='lat' dir='ltr'>Nec</span> <span class='ocrx_word' id='word_1_248' title='bbox 768 3097 829 3142; x_wconf 87' lang='lat' dir='ltr'>erat</span> <span class='ocrx_word' id='word_1_249' title='bbox 846 3090 897 3158; x_wconf 89' lang='lat' dir='ltr'>(so.</span> <span class='ocrx_word' id='word_1_250' title='bbox 911 3089 945 3142; x_wconf 90' lang='lat' dir='ltr'>M.</span> <span class='ocrx_word' id='word_1_251' title='bbox 962 3088 1080 3157; x_wconf 86' lang='lat' dir='ltr'>Calidio)</span> <span class='ocrx_word' id='word_1_252' title='bbox 1099 3089 1157 3140; x_wconf 88' lang='lat' dir='ltr'>ulla</span> <span class='ocrx_word' id='word_1_253' title='bbox 1177 3091 1218 3140; x_wconf 82' lang='lat' dir='ltr'>aia</span> <span class='ocrx_word' id='word_1_254' title='bbox 1236 3095 1317 3157; x_wconf 81' lang='lat' dir='ltr'>atque</span> 
     </span>
     <span class='ocr_line' id='line_1_30' title="bbox 186 3175 1317 3243; baseline -0.004 -14"><span class='ocrx_word' id='word_1_255' title='bbox 186 3179 330 3229; x_wconf 85' lang='lat' dir='ltr'>contentio:</span> <span class='ocrx_word' id='word_1_256' title='bbox 357 3177 415 3227; x_wconf 81' lang='lat' dir='ltr'>aiae</span> <span class='ocrx_word' id='word_1_257' title='bbox 439 3176 560 3240; x_wconf 79' lang='lat' dir='ltr'>coucilia,</span> <span class='ocrx_word' id='word_1_258' title='bbox 579 3177 651 3243; x_wconf 86' lang='lat' dir='ltr'>queat</span> <span class='ocrx_word' id='word_1_259' title='bbox 669 3191 721 3238; x_wconf 87' lang='lat' dir='ltr'>eos,</span> <span class='ocrx_word' id='word_1_260' title='bbox 745 3191 861 3242; x_wconf 86' lang='lat' dir='ltr'>quorum</span> <span class='ocrx_word' id='word_1_261' title='bbox 883 3175 970 3226; x_wconf 84' lang='lat' dir='ltr'>altior</span> <span class='ocrx_word' id='word_1_262' title='bbox 993 3177 1082 3226; x_wconf 88' lang='lat' dir='ltr'>oratio</span> <span class='ocrx_word' id='word_1_263' title='bbox 1105 3175 1228 3242; x_wconf 76' lang='lat' dir='ltr'>actioque</span> <span class='ocrx_word' id='word_1_264' title='bbox 1251 3181 1317 3226; x_wconf 78' lang='lat' dir='ltr'>assat</span> 
     </span>
     <span class='ocr_line' id='line_1_31' title="bbox 187 3260 1317 3329; baseline -0.002 -15"><span class='ocrx_word' id='word_1_265' title='bbox 187 3263 331 3315; x_wconf 80' lang='lat' dir='ltr'>ardentior</span> <span class='ocrx_word' id='word_1_266' title='bbox 342 3263 441 3328; x_wconf 83' lang='lat' dir='ltr'>furere</span> <span class='ocrx_word' id='word_1_267' title='bbox 453 3268 533 3329; x_wconf 84' lang='lat' dir='ltr'>atque</span> <span class='ocrx_word' id='word_1_268' title='bbox 545 3261 674 3314; x_wconf 82' lang='lat' dir='ltr'>bacchari</span> <span class='ocrx_word' id='word_1_269' title='bbox 691 3260 888 3327; x_wconf 82' lang='lat' dir='ltr'>arbitraretur,</span> <span class='ocrx_word' id='word_1_270' title='bbox 906 3263 963 3313; x_wconf 86' lang='lat' dir='ltr'>eice</span> <span class='ocrx_word' id='word_1_271' title='bbox 975 3261 1047 3327; x_wconf 81' lang='lat' dir='ltr'>quod</span> <span class='ocrx_word' id='word_1_272' title='bbox 1059 3267 1163 3312; x_wconf 80' lang='lat' dir='ltr'>natura</span> <span class='ocrx_word' id='word_1_273' title='bbox 1182 3277 1237 3312; x_wconf 84' lang='lat' dir='ltr'>aaa</span> <span class='ocrx_word' id='word_1_274' title='bbox 1250 3267 1317 3313; x_wconf 76' lang='lat' dir='ltr'>esset</span> 
     </span>
     <span class='ocr_line' id='line_1_32' title="bbox 188 3345 1315 3414; baseline 0.001 -16"><span class='ocrx_word' id='word_1_275' title='bbox 188 3351 226 3400; x_wconf 85' lang='lat' dir='ltr'>ita</span> <span class='ocrx_word' id='word_1_276' title='bbox 244 3347 336 3412; x_wconf 81' lang='lat' dir='ltr'>factus</span> <span class='ocrx_word' id='word_1_277' title='bbox 354 3349 411 3399; x_wconf 85' lang='lat' dir='ltr'>siae</span> <span class='ocrx_word' id='word_1_278' title='bbox 434 3348 505 3414; x_wconf 84' lang='lat' dir='ltr'>quod</span> <span class='ocrx_word' id='word_1_279' title='bbox 523 3363 578 3398; x_wconf 84' lang='lat' dir='ltr'>acu</span> <span class='ocrx_word' id='word_1_280' title='bbox 596 3353 747 3399; x_wconf 78' lang='lat' dir='ltr'>consuescet</span> <span class='ocrx_word' id='word_1_281' title='bbox 769 3349 826 3398; x_wconf 83' lang='lat' dir='ltr'>sice</span> <span class='ocrx_word' id='word_1_282' title='bbox 849 3347 920 3414; x_wconf 84' lang='lat' dir='ltr'>quod</span> <span class='ocrx_word' id='word_1_283' title='bbox 943 3362 998 3397; x_wconf 82' lang='lat' dir='ltr'>aaa</span> <span class='ocrx_word' id='word_1_284' title='bbox 1018 3351 1116 3412; x_wconf 80' lang='lat' dir='ltr'>poseat.</span> <span class='ocrx_word' id='word_1_285' title='bbox 1144 3345 1198 3398; x_wconf 91' lang='lat' dir='ltr'>Pro</span> <span class='ocrx_word' id='word_1_286' title='bbox 1217 3345 1315 3399; x_wconf 90' lang='lat' dir='ltr'>ultimo</span> 
     </span>
     <span class='ocr_line' id='line_1_33' title="bbox 188 3430 1316 3500; baseline -0.004 -14"><span class='ocrx_word' id='word_1_287' title='bbox 188 3433 272 3486; x_wconf 84' lang='lat' dir='ltr'>verbo</span> <span class='ocrx_word' id='word_1_288' title='bbox 292 3431 407 3500; x_wconf 87' lang='lat' dir='ltr'>scripsit</span> <span class='ocrx_word' id='word_1_289' title='bbox 426 3431 585 3485; x_wconf 86' lang='lat' dir='ltr'>Fridericus</span> <span class='ocrx_word' id='word_1_290' title='bbox 603 3438 704 3498; x_wconf 80' lang='lat' dir='ltr'>nosset,</span> <span class='ocrx_word' id='word_1_291' title='bbox 730 3433 760 3484; x_wconf 88' lang='lat' dir='ltr'>ut</span> <span class='ocrx_word' id='word_1_292' title='bbox 780 3430 945 3485; x_wconf 87' lang='lat' dir='ltr'>evaderent:</span> <span class='ocrx_word' id='word_1_293' title='bbox 969 3431 1026 3483; x_wconf 80' lang='lat' dir='ltr'>sire</span> <span class='ocrx_word' id='word_1_294' title='bbox 1044 3431 1116 3498; x_wconf 81' lang='lat' dir='ltr'>quod</span> <span class='ocrx_word' id='word_1_295' title='bbox 1138 3437 1241 3482; x_wconf 82' lang='lat' dir='ltr'>natura</span> <span class='ocrx_word' id='word_1_296' title='bbox 1261 3446 1316 3482; x_wconf 84' lang='lat' dir='ltr'>aon</span> 
     </span>
     <span class='ocr_line' id='line_1_34' title="bbox 187 3515 1315 3585; baseline -0.004 -15"><span class='ocrx_word' id='word_1_297' title='bbox 187 3526 252 3572; x_wconf 78' lang='lat' dir='ltr'>earet</span> <span class='ocrx_word' id='word_1_298' title='bbox 271 3521 311 3570; x_wconf 83' lang='lat' dir='ltr'>ita</span> <span class='ocrx_word' id='word_1_299' title='bbox 331 3521 424 3585; x_wconf 76' lang='lat' dir='ltr'>faetta</span> <span class='ocrx_word' id='word_1_300' title='bbox 443 3546 476 3554; x_wconf 93' lang='lat'><em>-</em></span> <span class='ocrx_word' id='word_1_301' title='bbox 497 3516 570 3585; x_wconf 91' lang='lat' dir='ltr'>quod</span> <span class='ocrx_word' id='word_1_302' title='bbox 590 3517 700 3571; x_wconf 91' lang='lat' dir='ltr'>deesset</span> <span class='ocrx_word' id='word_1_303' title='bbox 721 3515 803 3582; x_wconf 76' lang='grc' dir='ltr'>φύει(</span> <span class='ocrx_word' id='word_1_304' title='bbox 822 3545 856 3554; x_wconf 95' lang='lat'>-</span> <span class='ocrx_word' id='word_1_305' title='bbox 875 3517 931 3568; x_wconf 82' lang='lat' dir='ltr'>aiae</span> <span class='ocrx_word' id='word_1_306' title='bbox 949 3515 1021 3583; x_wconf 79' lang='lat' dir='ltr'>quod</span> <span class='ocrx_word' id='word_1_307' title='bbox 1038 3531 1094 3567; x_wconf 82' lang='lat' dir='ltr'>acu</span> <span class='ocrx_word' id='word_1_308' title='bbox 1112 3521 1262 3567; x_wconf 81' lang='lat' dir='ltr'>consuesset</span> <span class='ocrx_word' id='word_1_309' title='bbox 1280 3547 1315 3556; x_wconf 89' lang='lat'>—</span> 
     </span>
     <span class='ocr_line' id='line_1_35' title="bbox 189 3599 1315 3672; baseline -0.003 -15"><span class='ocrx_word' id='word_1_310' title='bbox 189 3603 259 3672; x_wconf 90' lang='lat' dir='ltr'>quod</span> <span class='ocrx_word' id='word_1_311' title='bbox 280 3603 382 3668; x_wconf 82' lang='grc' dir='ltr'>μελέτη</span> <span class='ocrx_word' id='word_1_312' title='bbox 406 3631 437 3639; x_wconf 93' lang='grc'>-</span> <span class='ocrx_word' id='word_1_313' title='bbox 456 3603 512 3654; x_wconf 82' lang='lat' dir='ltr'>atae</span> <span class='ocrx_word' id='word_1_314' title='bbox 524 3603 596 3669; x_wconf 85' lang='lat' dir='ltr'>quod</span> <span class='ocrx_word' id='word_1_315' title='bbox 609 3617 663 3654; x_wconf 86' lang='lat' dir='ltr'>nou</span> <span class='ocrx_word' id='word_1_316' title='bbox 677 3605 764 3666; x_wconf 72' lang='lat' dir='ltr'>uceset</span> <span class='ocrx_word' id='word_1_317' title='bbox 784 3629 818 3638; x_wconf 94' lang='lat'><em>-</em></span> <span class='ocrx_word' id='word_1_318' title='bbox 837 3599 911 3668; x_wconf 90' lang='lat' dir='ltr'>quod</span> <span class='ocrx_word' id='word_1_319' title='bbox 925 3599 1061 3666; x_wconf 76' lang='grc' dir='ltr'>ἐπιετήμη</span> <span class='ocrx_word' id='word_1_320' title='bbox 1076 3600 1194 3654; x_wconf 87' lang='lat' dir='ltr'>deesset.</span> <span class='ocrx_word' id='word_1_321' title='bbox 1219 3599 1315 3668; x_wconf 89' lang='lat' dir='ltr'>Neque</span> 
     </span>
     <span class='ocr_line' id='line_1_36' title="bbox 186 3683 1316 3754; baseline -0.004 -12"><span class='ocrx_word' id='word_1_322' title='bbox 186 3689 260 3742; x_wconf 88' lang='lat' dir='ltr'>enim</span> <span class='ocrx_word' id='word_1_323' title='bbox 284 3703 348 3742; x_wconf 90' lang='lat' dir='ltr'>curn</span> <span class='ocrx_word' id='word_1_324' title='bbox 367 3683 517 3740; x_wconf 90' lang='lat' dir='ltr'>Weidnero</span> <span class='ocrx_word' id='word_1_325' title='bbox 541 3685 656 3740; x_wconf 87' lang='lat' dir='ltr'>secludo</span> <span class='ocrx_word' id='word_1_326' title='bbox 679 3688 734 3738; x_wconf 82' lang='lat' dir='ltr'>aiae</span> <span class='ocrx_word' id='word_1_327' title='bbox 759 3687 831 3754; x_wconf 83' lang='lat' dir='ltr'>quod</span> <span class='ocrx_word' id='word_1_328' title='bbox 850 3701 904 3737; x_wconf 84' lang='lat' dir='ltr'>uon</span> <span class='ocrx_word' id='word_1_329' title='bbox 924 3689 1073 3737; x_wconf 81' lang='lat' dir='ltr'>coueueecet</span> <span class='ocrx_word' id='word_1_330' title='bbox 1091 3687 1147 3737; x_wconf 79' lang='lat' dir='ltr'>ctae</span> <span class='ocrx_word' id='word_1_331' title='bbox 1165 3684 1238 3752; x_wconf 85' lang='lat' dir='ltr'>quod</span> <span class='ocrx_word' id='word_1_332' title='bbox 1261 3701 1316 3737; x_wconf 75' lang='lat' dir='ltr'>aare</span> 
     </span>
     <span class='ocr_line' id='line_1_37' title="bbox 183 3767 1315 3843; baseline -0.004 -16"><span class='ocrx_word' id='word_1_333' title='bbox 183 3781 279 3842; x_wconf 80' lang='lat' dir='ltr'>poscet,</span> <span class='ocrx_word' id='word_1_334' title='bbox 304 3769 372 3843; x_wconf 84' lang='lat' dir='ltr'>quia</span> <span class='ocrx_word' id='word_1_335' title='bbox 396 3786 454 3825; x_wconf 88' lang='lat' dir='ltr'>non</span> <span class='ocrx_word' id='word_1_336' title='bbox 477 3769 616 3840; x_wconf 82' lang='lat' dir='ltr'>intellego,</span> <span class='ocrx_word' id='word_1_337' title='bbox 637 3785 687 3825; x_wconf 89' lang='lat' dir='ltr'>cur</span> <span class='ocrx_word' id='word_1_338' title='bbox 710 3785 745 3823; x_wconf 90' lang='lat' dir='ltr'>ea</span> <span class='ocrx_word' id='word_1_339' title='bbox 767 3768 979 3838; x_wconf 87' lang='lat' dir='ltr'>interpolaverit</span> <span class='ocrx_word' id='word_1_340' title='bbox 1002 3767 1112 3838; x_wconf 90' lang='lat' dir='ltr'>aliquis,</span> <span class='ocrx_word' id='word_1_341' title='bbox 1136 3782 1227 3836; x_wconf 89' lang='lat' dir='ltr'>neque</span> <span class='ocrx_word' id='word_1_342' title='bbox 1251 3782 1315 3823; x_wconf 91' lang='lat' dir='ltr'>cum</span> 
     </span>
     <span class='ocr_line' id='line_1_38' title="bbox 185 3853 1315 3928; baseline -0.008 -14"><span class='ocrx_word' id='word_1_343' title='bbox 185 3859 310 3914; x_wconf 89' lang='lat' dir='ltr'>Walchio</span> <span class='ocrx_word' id='word_1_344' title='bbox 331 3853 490 3928; x_wconf 86' lang='lat' dir='ltr'>(Emendat.</span> <span class='ocrx_word' id='word_1_345' title='bbox 508 3855 615 3910; x_wconf 73' lang='lat' dir='ltr'>livien.</span> <span class='ocrx_word' id='word_1_346' title='bbox 635 3869 697 3926; x_wconf 87' lang='lat' dir='ltr'>pag.</span> <span class='ocrx_word' id='word_1_347' title='bbox 710 3853 774 3924; x_wconf 83' lang='grc'>213)</span> <span class='ocrx_word' id='word_1_348' title='bbox 797 3871 831 3908; x_wconf 89' lang='lat' dir='ltr'>ea</span> <span class='ocrx_word' id='word_1_349' title='bbox 850 3857 958 3907; x_wconf 87' lang='lat' dir='ltr'>tantam</span> <span class='ocrx_word' id='word_1_350' title='bbox 977 3853 1065 3908; x_wconf 83' lang='lat' dir='ltr'>verba</span> <span class='ocrx_word' id='word_1_351' title='bbox 1084 3868 1156 3922; x_wconf 86' lang='lat' dir='ltr'>quae</span> <span class='ocrx_word' id='word_1_352' title='bbox 1176 3855 1315 3906; x_wconf 70' lang='lat' dir='ltr'>santerre</span> 
     </span>
     <span class='ocr_line' id='line_1_39' title="bbox 181 3939 1315 4015; baseline -0.005 -18"><span class='ocrx_word' id='word_1_353' title='bbox 181 3947 254 4015; x_wconf 80' lang='lat' dir='ltr'>quart</span> <span class='ocrx_word' id='word_1_354' title='bbox 272 3961 331 3998; x_wconf 82' lang='lat' dir='ltr'>nau</span> <span class='ocrx_word' id='word_1_355' title='bbox 347 3945 441 4011; x_wconf 80' lang='lat' dir='ltr'>posset</span> <span class='ocrx_word' id='word_1_356' title='bbox 457 3971 490 3980; x_wconf 98' lang='lat'><em>-</em></span> <span class='ocrx_word' id='word_1_357' title='bbox 504 3957 538 3995; x_wconf 89' lang='lat' dir='ltr'>ea</span> <span class='ocrx_word' id='word_1_358' title='bbox 551 3941 626 3995; x_wconf 88' lang='lat' dir='ltr'>enirn</span> <span class='ocrx_word' id='word_1_359' title='bbox 639 3941 675 3995; x_wconf 88' lang='lat' dir='ltr'>ad</span> <span class='ocrx_word' id='word_1_360' title='bbox 696 3941 778 3994; x_wconf 88' lang='lat' dir='ltr'>colon</span> <span class='ocrx_word' id='word_1_361' title='bbox 791 3940 964 4008; x_wconf 89' lang='lat' dir='ltr'>praecedens</span> <span class='ocrx_word' id='word_1_362' title='bbox 979 3939 1175 4008; x_wconf 82' lang='lat' dir='ltr'>explicandum</span> <span class='ocrx_word' id='word_1_363' title='bbox 1189 3955 1251 3992; x_wconf 90' lang='lat' dir='ltr'>csse</span> <span class='ocrx_word' id='word_1_364' title='bbox 1265 3939 1315 3992; x_wconf 92' lang='lat' dir='ltr'>ad-</span> 
     </span>
     <span class='ocr_line' id='line_1_40' title="bbox 182 4023 1314 4101; baseline -0.006 -16"><span class='ocrx_word' id='word_1_365' title='bbox 182 4031 286 4101; x_wconf 88' lang='lat' dir='ltr'>scripta</span> <span class='ocrx_word' id='word_1_366' title='bbox 299 4027 348 4083; x_wconf 91' lang='lat' dir='ltr'>ille</span> <span class='ocrx_word' id='word_1_367' title='bbox 362 4023 496 4096; x_wconf 88' lang='lat' dir='ltr'>opinatur</span> <span class='ocrx_word' id='word_1_368' title='bbox 507 4056 543 4065; x_wconf 93' lang='lat'>—</span> <span class='ocrx_word' id='word_1_369' title='bbox 556 4027 688 4094; x_wconf 88' lang='lat' dir='ltr'>quoniam</span> <span class='ocrx_word' id='word_1_370' title='bbox 702 4025 801 4092; x_wconf 88' lang='lat' dir='ltr'>siquis</span> <span class='ocrx_word' id='word_1_371' title='bbox 815 4025 881 4093; x_wconf 90' lang='lat' dir='ltr'>quid</span> <span class='ocrx_word' id='word_1_372' title='bbox 895 4039 952 4077; x_wconf 91' lang='lat' dir='ltr'>non</span> <span class='ocrx_word' id='word_1_373' title='bbox 965 4025 1064 4092; x_wconf 90' lang='lat' dir='ltr'>potest,</span> <span class='ocrx_word' id='word_1_374' title='bbox 1078 4039 1136 4077; x_wconf 89' lang='lat' dir='ltr'>non</span> <span class='ocrx_word' id='word_1_375' title='bbox 1153 4024 1213 4076; x_wconf 88' lang='lat' dir='ltr'>sola</span> <span class='ocrx_word' id='word_1_376' title='bbox 1227 4035 1314 4078; x_wconf 85' lang='lat' dir='ltr'>causa</span> 
     </span>
     <span class='ocr_line' id='line_1_41' title="bbox 180 4107 1313 4187; baseline -0.009 -15"><span class='ocrx_word' id='word_1_377' title='bbox 180 4121 230 4184; x_wconf 87' lang='lat' dir='ltr'>est,</span> <span class='ocrx_word' id='word_1_378' title='bbox 251 4114 327 4187; x_wconf 92' lang='lat' dir='ltr'>quod</span> <span class='ocrx_word' id='word_1_379' title='bbox 342 4115 448 4166; x_wconf 87' lang='lat' dir='ltr'>natura</span> <span class='ocrx_word' id='word_1_380' title='bbox 466 4123 524 4163; x_wconf 91' lang='lat' dir='ltr'>non</span> <span class='ocrx_word' id='word_1_381' title='bbox 543 4115 585 4164; x_wconf 86' lang='lat' dir='ltr'>est</span> <span class='ocrx_word' id='word_1_382' title='bbox 598 4111 638 4165; x_wconf 87' lang='lat' dir='ltr'>ita</span> <span class='ocrx_word' id='word_1_383' title='bbox 651 4111 756 4176; x_wconf 82' lang='lat' dir='ltr'>iactus3</span> <span class='ocrx_word' id='word_1_384' title='bbox 777 4125 868 4178; x_wconf 90' lang='lat' dir='ltr'>neque</span> <span class='ocrx_word' id='word_1_385' title='bbox 883 4122 946 4162; x_wconf 88' lang='lat' dir='ltr'>curn</span> <span class='ocrx_word' id='word_1_386' title='bbox 959 4107 1081 4177; x_wconf 86' lang='lat' dir='ltr'>Sauppio</span> <span class='ocrx_word' id='word_1_387' title='bbox 1095 4107 1228 4178; x_wconf 85' lang='lat' dir='ltr'>(Coniect.</span> <span class='ocrx_word' id='word_1_388' title='bbox 1243 4107 1313 4162; x_wconf 89' lang='lat' dir='ltr'>Tull.</span> 
     </span>
     <span class='ocr_line' id='line_1_42' title="bbox 179 4191 1313 4272; baseline -0.011 -14"><span class='ocrx_word' id='word_1_389' title='bbox 179 4217 239 4272; x_wconf 91' lang='lat' dir='ltr'>pag.</span> <span class='ocrx_word' id='word_1_390' title='bbox 254 4203 282 4272; x_wconf 83' lang='lat'>7)</span> <span class='ocrx_word' id='word_1_391' title='bbox 297 4199 364 4254; x_wconf 90' lang='lat' dir='ltr'>cola</span> <span class='ocrx_word' id='word_1_392' title='bbox 379 4200 542 4263; x_wconf 87' lang='lat' dir='ltr'>transpono,</span> <span class='ocrx_word' id='word_1_393' title='bbox 558 4213 621 4250; x_wconf 90' lang='lat' dir='ltr'>cum</span> <span class='ocrx_word' id='word_1_394' title='bbox 635 4194 676 4250; x_wconf 87' lang='lat' dir='ltr'>eis</span> <span class='ocrx_word' id='word_1_395' title='bbox 690 4191 869 4262; x_wconf 87' lang='lat' dir='ltr'>transpositis</span> <span class='ocrx_word' id='word_1_396' title='bbox 883 4191 1004 4261; x_wconf 86' lang='lat' dir='ltr'>pessime</span> <span class='ocrx_word' id='word_1_397' title='bbox 1017 4195 1112 4246; x_wconf 88' lang='lat' dir='ltr'>utatur</span> <span class='ocrx_word' id='word_1_398' title='bbox 1126 4191 1223 4246; x_wconf 85' lang='lat' dir='ltr'>Cicero</span> <span class='ocrx_word' id='word_1_399' title='bbox 1234 4196 1313 4260; x_wconf 89' lang='lat' dir='ltr'>quat·</span> 
     </span>
     <span class='ocr_line' id='line_1_43' title="bbox 178 4277 1193 4356; baseline -0.015 -12"><span class='ocrx_word' id='word_1_400' title='bbox 178 4293 240 4343; x_wconf 92' lang='lat' dir='ltr'>tuor</span> <span class='ocrx_word' id='word_1_401' title='bbox 259 4279 415 4356; x_wconf 88' lang='lat' dir='ltr'>particulis</span> <span class='ocrx_word' id='word_1_402' title='bbox 434 4281 490 4332; x_wconf 84' lang='lat' dir='ltr'>eice</span> <span class='ocrx_word' id='word_1_403' title='bbox 509 4296 542 4334; x_wconf 93' lang='lat' dir='ltr'>ea</span> <span class='ocrx_word' id='word_1_404' title='bbox 562 4281 680 4349; x_wconf 84' lang='lat' dir='ltr'>ratione,</span> <span class='ocrx_word' id='word_1_405' title='bbox 699 4280 730 4332; x_wconf 89' lang='lat' dir='ltr'>ut</span> <span class='ocrx_word' id='word_1_406' title='bbox 749 4278 833 4332; x_wconf 89' lang='lat' dir='ltr'>binae</span> <span class='ocrx_word' id='word_1_407' title='bbox 854 4278 927 4331; x_wconf 90' lang='lat' dir='ltr'>inter</span> <span class='ocrx_word' id='word_1_408' title='bbox 946 4294 976 4331; x_wconf 88' lang='lat' dir='ltr'>se</span> <span class='ocrx_word' id='word_1_409' title='bbox 996 4277 1193 4347; x_wconf 88' lang='lat' dir='ltr'>respondeant.</span> 
     </span>
    </p>

    <p class='ocr_par' dir='ltr' id='par_1_10' title="bbox 268 4361 859 4441">
     <span class='ocr_line' id='line_1_44' title="bbox 268 4361 859 4441; baseline -0.014 -17"><span class='ocrx_word' id='word_1_410' title='bbox 268 4373 291 4441; x_wconf 79' lang='lat'>⁶)</span> <span class='ocrx_word' id='word_1_411' title='bbox 310 4367 474 4423; x_wconf 87' lang='lat' dir='ltr'>Perfectum</span> <span class='ocrx_word' id='word_1_412' title='bbox 494 4379 529 4418; x_wconf 85' lang='lat' dir='ltr'>ex</span> <span class='ocrx_word' id='word_1_413' title='bbox 547 4363 570 4420; x_wconf 88' lang='grc' dir='ltr'>Α</span> <span class='ocrx_word' id='word_1_414' title='bbox 589 4369 632 4421; x_wconf 90' lang='lat' dir='ltr'>est</span> <span class='ocrx_word' id='word_1_415' title='bbox 651 4361 859 4432; x_wconf 77' lang='lat' dir='ltr'>recipiendum.</span> 
     </span>
    </p>
   </div>
   <div class='ocr_carea' id='block_1_7' title="bbox 0 0 1624 5252">
    <p class='ocr_par' dir='ltr' id='par_1_11' title="bbox 0 0 1624 5252">
     <span class='ocr_line' id='line_1_45' title="bbox 0 0 1624 5252; baseline 0 1"><span class='ocrx_word' id='word_1_416' title='bbox 0 0 1624 5252; x_wconf 95' lang='lat' dir='ltr'> </span> 
     </span>
    </p>
   </div>
  </div>
 </body>
</html>
