3240 5252
315 494 357 555 88
767 499 890 553 Petrus
908 499 1014 566 Reis,'
1356 490 1441 578 [248]

313 675 342 736 u·
368 672 451 756 quid,
482 670 537 734 illa
568 671 697 754 quidem
725 671 807 734 maie
837 675 980 734 oorreota
1008 690 1050 734 ex
1081 677 1115 735 ai
1140 671 1217 756 quid
1244 675 1335 756 siqui,
1364 691 1444 754 quse

313 773 443 836 fuerant
465 775 500 837 in
518 773 553 837 L
581 772 663 836 Nam
686 781 719 838 oi
741 774 817 860 quid
841 773 958 837 habeut
980 773 1050 837 FP¹
1071 812 1110 821 -
1133 773 1177 837 Ρ*
1204 774 1292 838 exL
1315 775 1383 856 ipso
1401 813 1444 824 —-

313 881 402 964 utqui
416 878 556 941 servavit
572 876 607 940 O.
627 877 739 959 Itaque
756 875 782 940 L
798 881 831 940 et
842 878 872 940 A
888 877 941 940 hie
957 897 1126 940 commuue
1142 877 1263 940 habent
1279 878 1443 942 mendum:

313 987 348 1044 oi
369 981 446 1066 quid
467 983 556 1066 siqui.
587 979 701 1043 Denuo
726 981 804 1043 haee
833 983 1047 1062 corruperunt
1070 979 1198 1044 codices
1226 981 1333 1044 mutili
1360 983 1445 1044 simi·
1484 1037 1490 1047 .

313 1083 388 1146 liter
410 1103 448 1147 ao
467 1083 591 1166 integri.
613 1082 755 1146 Tradunt
778 1102 803 1146 e.
828 1103 856 1166 g.
876 1075 1082 1166 Erlangensis
1106 1085 1192 1147 303:
1217 1091 1251 1148 ai
1273 1086 1352 1170 quid
1374 1087 1444 1167 (om.

313 1189 457 1272 aquili),
483 1186 649 1249 Gudianus
666 1189 702 1249 3:
727 1189 860 1272 atquesi
874 1187 957 1273 quid,
982 1186 1174 1250 Dresdansis
1197 1186 1226 1249 D
1251 1207 1269 1250 o
1295 1189 1375 1272 108;Ι
1399 1195 1445 1252 ut-

313 1291 368 1375 qui
385 1293 413 1354 si
431 1290 513 1375 quid,
538 1289 778 1372 Vitebergeusis
797 1291 860 1352 43:
885 1296 918 1353 ui
941 1291 1100 1375 quidquid,
1124 1289 1338 1353 Einsidleusis
1363 1293 1443 1354 307:

313 1394 445 1478 utquid
468 1395 496 1458 si
518 1393 601 1479 quid.

405 1495 548 1560 Diversis
566 1496 743 1559 rationibus
763 1497 841 1560 haee
861 1497 1111 1578 corrigebantur.
1132 1496 1360 1580 Stegmannius
1377 1499 1445 1581 qui-

314 1599 387 1663 dem
411 1599 459 1663 De
484 1598 535 1662 Or.
560 1599 637 1662 Tull.
662 1599 782 1662 mutilis
810 1599 900 1662 libris
928 1599 1002 1662 diss.
1026 1619 1096 1681 pag.
1117 1601 1158 1662 39
1189 1619 1230 1663 ex
1258 1599 1314 1663 ilia
1337 1600 1445 1664 leotio·

314 1722 392 1764 num
408 1703 501 1765 turba
517 1708 603 1766 reete
620 1703 768 1785 opinatur
785 1702 934 1765 Peterum
950 1701 1152 1765 enucleassa:
1170 1709 1202 1766 ai
1219 1703 1297 1788 quid
1311 1706 1352 1767 sit
1367 1704 1446 1788 quod

313 1806 415 1870 deceat
438 1807 580 1870 videmus.
614 1805 871 1888 Corruptelarum
897 1811 1003 1868 autem
1028 1823 1155 1868 oausam
1175 1805 1276 1869 fuisse
1297 1826 1372 1869 oum
1392 1807 1445 1870 de·

313 1912 481 1990 provatum
503 1910 537 1970 in
561 1909 710 1972 omuibus
733 1908 822 1971 libris
846 1912 887 1973 sii
908 1909 941 1970 iu
963 1912 989 1973 si
1007 1914 1077 1971 tum
1096 1908 1254 1971 voeabula
1271 1910 1349 1994 quid
1368 1911 1446 1995 quod

313 2014 368 2097 qui
386 2033 442 2096 que
457 2012 544 2074 varia
559 2013 684 2076 ratione
703 2011 787 2075 iuter
805 2031 840 2074 se
857 2016 1042 2094 permutata.
1066 2011 1169 2092 quue
1184 2011 1280 2075 facile
1300 2012 1445 2076 accidere

315 2116 466 2197 potuisse,
487 2117 639 2196 quoniam
657 2116 847 2197 pronomina
871 2134 909 2177 ea
929 2133 985 2196 per
1005 2114 1193 2196 compendia
1211 2115 1308 2194 vulgo
1329 2117 1446 2198 scripta

314 2219 387 2280 sint.
413 2216 483 2293 Qua
498 2218 745 2300 amplificatione
764 2236 843 2301 opus
860 2236 929 2280 esse
945 2222 1041 2300 negat
1057 2217 1128 2280 Chr.
1141 2216 1289 2281 Hoerner
1304 2218 1338 2280 in
1356 2217 1445 2280 Oom·

315 2322 511 2384 mentatione
529 2321 687 2403 gynmasii
708 2321 873 2402 Bipontini
892 2341 918 2383 a.
941 2322 1001 2383 187
1007 2322 1026 2383 8
1045 2341 1115 2402 pag.
1134 2322 1188 2402 17,
1209 2340 1284 2383 oum
1303 2323 1444 2385 omnium

314 2423 577 2504 depravationum
595 2443 710 2486 causae
725 2423 896 2487 videantur
912 2442 982 2486 esse
998 2423 1096 2486 duae:
1115 2423 1214 2512 altera
1229 2423 1314 2504 quod
1331 2427 1359 2488 si
1374 2429 1445 2487 ante

315 2545 428 2588 vocem
448 2527 524 2611 quid
542 2527 714 2608 irrepserit
739 2531 901 2607 tamquam
925 2526 1003 2588 velit
1022 2525 1133 2588 Cicero
1154 2525 1277 2588 dicere:
1303 2528 1445 2607 uiduuus,

313 2632 341 2692 si
364 2630 441 2713 quid
463 2631 577 2709 deceat,
607 2628 705 2692 altera
734 2629 820 2710 quod
849 2628 1042 2692 vocabulum
1069 2629 1146 2712 quid
1169 2627 1368 2710 duplicatum
1397 2630 1444 2692 sit.

314 2717 597 2812 Aequiesoendum
623 2733 722 2814 igitur
747 2750 817 2795 esse
842 2733 877 2794 in
905 2731 1043 2813 simplici
1067 2730 1273 2813 Erlsngensis
1299 2731 1444 2813 lectione,

314 2853 397 2916 quae
420 2834 529 2898 redeat
553 2836 665 2916 §123
692 2835 746 2897 ubi
769 2854 862 2897 nemo
887 2853 923 2897 ea
947 2833 1138 2897 offendatur.
1168 2833 1286 2896 Contra
1310 2854 1353 2898 ex
1375 2835 1445 2915 iliis,

316 2956 398 3019 quae
422 2936 448 3000 L
472 2943 504 3000 et
527 2939 554 3000 A
579 2939 668 3019 paria
692 2936 809 3001 habere
834 2937 914 3018 dixi,
938 2943 975 2999 ut
998 2942 1047 2999 est
1069 2937 1136 2999 aori
1158 2938 1303 3018 ingenio,
1329 2938 1447 3020 optima

316 3046 348 3104 et
366 3039 603 3122 simplicissima
621 3041 744 3103 ratione
763 3040 1007 3122 Heerdegenius
1028 3039 1180 3102 damnum
1200 3043 1361 3122 reparavit
1383 3061 1447 3103 uns

314 3148 439 3205 tautum
462 3143 567 3206 littera
587 3145 787 3206 commutata.
812 3143 945 3225 Scripsit
964 3143 1064 3206 enim:
1090 3150 1124 3207 ui
1147 3143 1223 3228 quid
1240 3147 1325 3228 sequi
1347 3145 1448 3208 deceat

314 3247 457 3327 uidemus,
482 3265 563 3327 quae
584 3246 681 3310 verba
700 3246 951 3328 praeclarissime
969 3245 1148 3327 respiciunt
1166 3245 1204 3308 ad
1225 3247 1447 3310 antecedentia

315 3369 376 3412 uou
399 3352 600 3434 assequimur.

405 3556 423 3635 ξ
446 3555 517 3617 105.
550 3554 631 3617 Cum
656 3553 869 3617 Demosthene
893 3573 927 3617 se
948 3555 1143 3636 comparavit
1162 3553 1273 3618 Cicero
1299 3559 1331 3618 et
1354 3555 1393 3618 de
1413 3573 1446 3617 se

316 3660 384 3740 ipse
407 3658 594 3740 profitetur:
624 3657 688 3722 Nos
711 3679 857 3744 moquum
887 3657 1046 3743 [maquum
1069 3657 1096 3720 L
1120 3661 1225 3722 miuus
1248 3679 1395 3743 muquum
1418 3660 1446 3721 A

315 3783 377 3826 uou
392 3764 496 3826 miuus
515 3782 662 3846 muquum
683 3761 830 3823 nonnulli
854 3761 943 3824 codd.
961 3761 1063 3845 mutt]
1083 3760 1264 3843 fecissemus,
1284 3762 1447 3846 siquidem

310 3867 514 3948 potuissemus
537 3885 595 3949 quo
618 3865 828 3928 contendimus
845 3867 1007 3948 peruenire
1032 3867 1068 3927 iu
1090 3885 1126 3927 eo
1149 3863 1235 3944 urbe,
1259 3865 1295 3927 iu
1317 3885 1391 3949 quo,
1415 3871 1447 3927 ui

315 3969 360 4030 aii
376 3967 546 4048 Auiouius,
570 3967 697 4032 auditus
719 3967 857 4052 eloqueris
879 3989 966 4032 uemo
988 3974 1063 4031 erui.

406 4069 456 4130 Ex
471 4075 536 4131 tots
552 4070 613 4132 hae
628 4069 786 4132 sententia
803 4075 835 4133 et
849 4071 1020 4152 praecipue
1037 4089 1080 4132 ex
1093 4070 1138 4132 eis
1155 4087 1237 4150 qnae
1254 4074 1446 4150 sequuntur:

315 4171 442 4236 Ieiuuus
466 4175 564 4257 iqitur
582 4173 676 4236 iuius
694 4173 871 4257 multiplicis
893 4181 921 4259 et
939 4173 1140 4258 aequabiliter
1162 4175 1196 4235 iu
1216 4174 1320 4236 omniu
1334 4193 1448 4258 qeueru

314 4273 404 4354 fusae
427 4277 575 4338 orationis
602 4296 693 4338 aures
715 4278 845 4339 ciuitatis
867 4279 1036 4360 occepimus
1057 4295 1165 4359 eosque
1192 4295 1246 4339 uos
1264 4278 1367 4359 primi
1390 4326 1396 4338 .

410 4430 427 4495 ¹)
447 4428 487 4483 Cf.
501 4428 675 4496 Stegmannii
694 4429 760 4482 diss¹
775 4446 836 4498 pag.
850 4429 885 4482 39
905 4434 932 4484 et
950 4429 1085 4483 Hoerneri
1106 4429 1172 4483 diss.
1187 4445 1248 4498 pag.
1262 4429 1287 4482 3.
