3228 5268
226 543 228 546 y
322 465 364 519 De
384 465 510 534 Gregorii
528 464 701 519 Nazianzeni
720 466 895 520 orationibus
914 467 1086 521 funebribus.
1220 462 1261 524 15

128 643 269 702 oratores
301 637 539 718 subsequentes
567 637 707 700 valuisse
737 637 871 719 videtur,
902 657 975 700 cum
1007 638 1163 703 Isocrates
1193 641 1262 724 ipse

129 760 196 804 earn
220 743 256 804 in
281 739 381 804 laude
398 739 556 804 Timothei
571 740 648 821 (XV
667 741 729 803 106
747 742 847 823 seqq.)
870 742 1012 804 imitatus
1028 743 1069 805 sit
1079 744 1109 824 ¹).
1134 743 1263 808 Ceteras

128 850 235 908 autem
250 845 354 907 huius
370 844 483 906 aetatis
499 842 707 925 laudationes,
724 850 761 907 ut
775 844 925 907 Isocratis
940 846 976 908 in
989 846 1262 927 Agamemnonem

126 947 316 1030 (Panathen.
341 947 381 1028 ἐξ
407 947 583 1028 10-8712)
607 952 639 1010 et
663 949 698 1010 in
720 947 896 1011 Herculem
924 949 965 1031 (V
991 950 1054 1013 109
1083 953 1183 1032 seqq.)
1210 951 1263 1015 vel

126 1050 358 1133 Xenophontis
383 1068 453 1112 eam
479 1068 574 1130 quarn
600 1049 804 1113 ‘institutioni
821 1050 941 1134 eyri’)
963 1053 1107 1134 inseruit,
1132 1072 1206 1116 cum
1222 1053 1262 1116 ad

125 1153 392 1236 amplificandam
416 1151 470 1215 vel
493 1153 749 1216 constituendam
771 1155 1049 1236 novamnformam
1071 1155 1152 1218 nihil
1175 1157 1262 1219 attri-

123 1256 262 1338 buerint,
284 1259 463 1338 praetereo,

212 1372 325 1435 Missis
357 1372 459 1454 igitur
482 1370 561 1454 ipsis
589 1369 811 1433 laudationum
841 1371 999 1456 exemplis
1023 1372 1062 1435 ad
1086 1377 1170 1437 artes
1191 1373 1262 1438 illas

122 1481 339 1557 transeamus
373 1475 491 1556 quibus
523 1479 698 1558 praecepta,
729 1475 767 1537 ad
799 1495 881 1557 quae
910 1476 1108 1541 laudationes
1137 1479 1262 1542 confor-

121 1579 259 1644 mandae
276 1578 464 1642 rhetoribus
481 1578 681 1659 videbantur,
698 1578 791 1642 nobis
807 1578 986 1652 traduntur,
1008 1599 1145 1661 quarum
1160 1581 1264 1663 prima

121 1683 216 1748 nobis
241 1687 438 1747 conservata
462 1687 510 1745 est
533 1681 587 1744 illa
612 1700 671 1762 ars,
696 1701 777 1762 quae
794 1683 1007 1746 Anaximenis
1030 1702 1149 1746 nomen
1172 1702 1264 1766 prae-

122 1787 248 1850 clarum
263 1805 344 1869 prae
362 1804 398 1849 se
420 1785 492 1866 fert
518 1805 543 1848 c.
561 1806 587 1847 a.
605 1785 669 1847 340
695 1784 881 1867 coniectat).
907 1785 1006 1848 Cuius
1022 1791 1135 1849 auctor
1151 1806 1262 1867 quam-

122 1909 221 1972 quam
253 1907 341 1971 quae
374 1888 414 1951 de
445 1888 600 1951 encomiis
631 1889 787 1971 praecipit
817 1887 857 1950 ad
888 1888 1038 1951 Isocratis
1069 1887 1261 1971 ‘Euagorae’

122 1991 311 2074 exemplum
331 1991 478 2072 exstruit,
503 1995 610 2053 tamen
627 2009 748 2052 novum
774 1989 940 2054 divisionis
956 1991 1159 2073 principium,
1176 1992 1262 2075 quod

122 2113 288 2176 vocemus,
315 2095 474 2174 sequitur.

211 2208 395 2292 Dispositio
422 2209 508 2270 enim
533 2209 602 2271 eius
626 2207 705 2271 haec
729 2213 792 2272 est:

121 2313 145 2376 I.
168 2312 437 2376 Prooemium:
463 2310 614 2391 docilem,
638 2310 839 2393 benevolum,
864 2313 1021 2376 attentum
1043 2313 1148 2376 facere
1171 2313 1262 2376 audi-

121 2416 228 2479 torem
252 2417 389 2496 oportet.

215 2576 239 2641 ¹)
261 2574 301 2629 ct.
322 2574 465 2626 Lecto.
491 2572 594 2641 pg.92;
619 2572 650 2626 cf.
677 2573 763 2629 etiam
786 2574 900 2627 Isocrat.
924 2574 1036 2628 laudem
1060 2575 1090 2629 in
1112 2577 1263 2632 Herculem

121 2663 247 2732 (V109):
269 2659 354 2727 ‘l'lepi
373 2659 472 2712 τοίνυν
491 2659 663 2724 Ἡρακλέουτ
683 2659 710 2712 ol
731 2661 781 2725 μὲν
800 2661 880 2713 ἄλλοι
897 2662 950 2728 τὴν
970 2656 1087 2729 ἀνδρίαν
1104 2665 1262 2728 ὑμνοῦντες

122 2749 209 2801 αὐτοῦ
234 2745 281 2800 καί
300 2746 371 2798 τοὺ(
391 2745 496 2797 ἄθλουτ
515 2747 745 2811 ἀπαριθμοῦντετ
763 2749 943 2815 διατελοῦτιν,
964 2747 1029 2813 περὶ
1049 2749 1080 2801 δέ
1092 2753 1153 2801 τῶν
1167 2751 1262 2803 ἄλλων

121 2839 179 2886 τῶν
198 2839 235 2902 τῇ
259 2837 339 2899 ψυχῇ
361 2830 533 2894 προιόντων
553 2832 669 2893 ἀγαθῶν
690 2830 783 2883 οὐδεὶς
803 2831 869 2885 οὔτε
887 2837 948 2884 τῶν
967 2838 1097 2899 ποιητῶν
1118 2835 1185 2888 οὔτε
1200 2841 1262 2889 τῶν

122 2922 293 2983 λογοποιῶν
318 2914 456 2979 οὐδεμίαν
477 2916 632 2982 φανήτεται
657 2916 753 2981 μνείαν
772 2917 974 2982 πεποιημένος.
1004 2919 1060 2982 ἐγὼ
1081 2919 1105 2971 δ’
1127 2921 1188 2985 ὁρῶ
1212 2922 1262 2985 μὲν

121 3005 231 3058 τόπον
245 3004 344 3056 ἴδιον
359 2999 405 3053 καί
417 3002 592 3054 παντάπατιν
606 3002 826 3069 ἀδιεξέργαττον,
842 3002 875 3054 οὐ
892 3004 991 3068 μικρὸν
1005 3005 1073 3056 οὐδὲ
1086 3005 1177 3074 κενόν,
1192 3008 1263 3059 ἀλλὰ

122 3093 240 3142 πολλῶν
258 3088 311 3152 μὲν
326 3083 454 3138 ἐπαίνων
467 3084 512 3137 καί
525 3089 619 3138 καλῶν
633 3086 766 3150 πραίξεων
783 3087 907 3151 γέμοντα
925 3089 1006 3155 κτλ,’;
1026 3089 1061 3143 cl.
1076 3090 1161 3143 etiam
1175 3089 1261 3159 §144

213 3176 236 3241 2)
259 3172 302 3226 Cf.
317 3172 385 3224 Leo
405 3169 421 3222 l.
437 3186 460 3224 c.
474 3187 517 3239 pg.
531 3171 574 3224 82.

212 3259 234 3328 ³)
256 3257 382 3312 Cf.Leo
401 3256 419 3308 l.
434 3270 458 3308 c.
472 3272 514 3324 pg.
528 3256 571 3310 92.

212 3344 236 3415 ⁴)
257 3341 413 3411 Spengel
435 3340 906 3409 ed.Turici1844=Lips.1847;
927 3343 1262 3412 Spengel-Hammer,

123 3431 190 3484 rhet.
205 3444 304 3498 graec,
319 3427 331 3479 1
345 3427 370 3492 2,
384 3425 426 3478 79.
448 3425 487 3478 De
502 3426 616 3495 scriptis
634 3426 664 3479 in
680 3426 864 3480 Anaximenis
885 3431 975 3481 artem
993 3428 1058 3481 vide
1077 3428 1261 3498 Susemihl,

124 3515 296 3569 Geschiohte
318 3512 369 3565 der
388 3509 585 3578 griechischen
604 3510 744 3565 Literatur
766 3511 796 3564 in
820 3512 870 3565 der
887 3512 1149 3567 Alexandrinerzeit
1167 3514 1190 3566 11
1208 3514 1260 3568 451

123 3615 199 3668 seqq.
214 3603 243 3652 et
263 3597 318 3665 Ipf
322 3595 418 3649 elkos
422 3611 470 3663 er,
491 3595 542 3648 Die
555 3595 690 3649 Rhetorik
707 3596 756 3650 des
769 3596 967 3664 Anaximenes
981 3597 1047 3650 diss.
1060 3597 1168 3652 Virceb.
1183 3599 1261 3652 1889.

123 3712 157 3721 —
176 3681 363 3752 Supersedeo
390 3695 498 3746 omnes,
527 3695 599 3747 quae
623 3680 657 3733 de
682 3683 807 3748 tempore
832 3681 916 3734 huius
942 3681 1011 3735 artis
1037 3683 1164 3750 prolatae
1188 3686 1261 3752 sunt,

123 3768 285 3822 sententias
299 3768 431 3833 repetere
437 3782 443 3830 ;
465 3764 534 3818 satis
553 3765 653 3832 haheo,
667 3782 740 3834 quae
758 3781 834 3819 nunc
848 3769 970 3834 exstant,
983 3766 1156 3835 significare:
1177 3772 1261 3836 atque

123 3852 301 3908 Susemihl
322 3853 352 3904 et
371 3849 489 3903 Thiele
504 3850 631 3903 libellum
643 3849 717 3904 inter
729 3850 909 3904 Aristotelem
923 3855 951 3904 et
960 3853 1161 3920 Hermagoram
1173 3853 1262 3921 scrip-

123 3941 181 3992 tum
200 3955 267 3993 esse
281 3939 394 4006 putant,
414 3935 561 4003 lplelkoler
579 3952 647 3989 vero
666 3935 735 3989 dicit
748 3952 812 3988 eum
832 3939 898 3989 ante
911 3936 1091 3990 Aristotelem
1103 3937 1262 3991 conlectum

125 4038 195 4091 esse,
215 4041 232 4077 e
253 4023 338 4078 cuius
358 4023 419 4074 arte
432 4036 450 4074 a
465 4020 585 4089 posteris
604 4024 698 4089 partes
712 4021 852 4089 quaedam
864 4020 1051 4090 interpolatae
1065 4026 1167 4076 essent.
1193 4021 1262 4074 Mihi

124 4111 247 4163 maxime
255 4108 404 4178 probatur,
413 4106 488 4174 quod
495 4105 1125 4176 postWilamowitziumfflerm.XXXIV[1899]
1134 4107 1262 4177 618seq.)

124 4190 481 4263 nuper.Wendlandius
490 4191 770 4260 (Herm.vol.XXXlX
782 4190 983 4260 [1904]pg.419
993 4191 1163 4261 seqqetddtl
1173 4192 1261 4261 seqq.)

125 4278 345 4334 accuratissime
359 4292 421 4329 rem
434 4276 593 4344 disquirens
607 4276 705 4330 statuit
718 4279 807 4330 artem
822 4275 899 4330 circa
912 4293 1020 4330 annum
1032 4277 1085 4330 340
1098 4293 1160 4330 esse
1173 4277 1261 4345 scrip-

125 4364 317 4432 tenaciusque
338 4365 484 4416 auctorem
498 4361 700 4415 Anaximenem
713 4360 918 4415 Theodecteam
938 4363 1016 4416 illam
1033 4366 1123 4416 artem
1139 4361 1261 4416 novisse.
