3240 5252
5 9 9 226 l

5 305 8 472 t

94 450 183 535 [189]
543 457 641 516 Studia
659 461 795 516 Tulliana.
822 421 825 426 v
1191 459 1233 521 29

92 632 125 693 iu
142 650 180 694 eo
193 637 295 695 antea
309 632 487 696 defuerant.
512 631 611 695 Cuius
626 633 754 714 generis
767 633 937 698 duodecim
957 641 1124 698 enumerat
1134 635 1234 701 libros

91 738 186 817 atque
218 735 255 797 in
291 735 339 799 eis
363 733 617 798 Laurentianum
642 736 726 818 50,1,
757 735 797 798 de
825 755 889 819 quo
911 736 1074 801 Henricus
1101 737 1234 802 Rubner

90 858 173 900 anno
208 839 302 900 1882
335 837 441 901 fusius
470 837 646 919 disputavit
675 838 709 902 in
741 844 973 921 programmate
1004 839 1155 923 Spirensi.
1193 840 1233 903 In

89 941 142 1004 illo
159 941 277 1004 codice
299 941 513 1004 inveniuntur
537 940 621 1003 haud
643 959 765 1026 paucae
783 940 946 1023 lectiones,
971 961 1053 1024 quae
1073 962 1138 1006 non
1157 948 1233 1006 sunt

89 1044 121 1106 in
141 1043 235 1126 FPO,
261 1045 323 1108 sed
347 1045 477 1127 ingenio
501 1045 596 1125 atque
619 1043 748 1107 arbitrio
774 1044 843 1106 eius
867 1042 978 1107 deberi
997 1043 1156 1127 videntur,
1176 1047 1233 1128 qui

89 1148 311 1210 recentiorem
335 1145 457 1210 codicis
480 1151 602 1229 partem
626 1145 782 1208 adiunxit.

178 1249 221 1314 II.
247 1249 290 1312 In
316 1248 436 1330 quibus
459 1249 574 1331 integri
591 1246 732 1312 Oratoris
748 1246 877 1328 aliquod
897 1247 1080 1331 exemplum
1096 1248 1150 1312 hio
1164 1249 1232 1314 illic

90 1357 277 1415 correctum
296 1356 346 1415 est
369 1370 387 1415 e
407 1350 517 1414 codiee
534 1350 642 1432 aliquo
658 1349 779 1431 mutilo,
804 1368 857 1412 eos
872 1348 971 1412 libros
987 1349 1232 1433 Heerdegenius

90 1453 228 1536 appellat
260 1457 436 1518 correctos
470 1452 587 1529 Quales
618 1454 785 1517 enumerat
814 1452 944 1533 triginta
974 1453 1038 1516 duo
1068 1454 1102 1516 in
1125 1454 1232 1535 iisque

92 1556 289 1621 Vaticanum
321 1559 360 1620 17
366 1557 407 1620 09
439 1577 457 1619 a
487 1557 555 1619 viro
585 1557 721 1638 quodam
746 1556 839 1620 docto
867 1556 1071 1620 emendatum
1095 1587 1127 1609 =
1153 1561 1170 1636 β
1200 1564 1233 1622 ct

90 1658 312 1724 Drosdensem
331 1658 382 1724 Do
404 1660 475 1740 108,
500 1678 596 1742 quem
615 1657 786 1739 Orellius1)
811 1663 903 1722 caute
923 1659 1141 1724 adhibendum
1161 1679 1232 1727 esse

90 1770 269 1827 monuerat.

177 1865 237 1930 III.
261 1865 365 1928 Tertii
395 1864 535 1946 denique
566 1867 692 1948 generis
722 1870 952 1930 enumerantur
974 1866 1143 1948 sexaginta
1166 1873 1231 1932 tres

89 1967 168 2050 libri,
192 1969 284 2032 inter
309 1986 392 2049 quos
414 1967 666 2031 Laurentianum
691 1970 779 2050 50‚er
801 2000 834 2020 =
857 1990 888 2049 u,
912 1967 1147 2034 lliusidlensem
1164 1971 1228 2035 307

92 2101 122 2122 =
144 2093 171 2153 e,
196 2071 458 2135 Laurentianum
482 2072 676 2153 50,1s=l‚
701 2070 866 2135 ducendos
889 2089 959 2134 esse
984 2071 1230 2154 Heerdegeuius

91 2172 188 2256 docet,
206 2192 326 2238 omnes
343 2176 408 2236 tres
425 2192 442 2237 e
459 2173 569 2237 codice
584 2173 610 2236 F
628 2174 796 2254 derivatos
812 2191 906 2257 porro
923 2173 1229 2258 Vitebergensem²)‚

91 2296 175 2342 nuno
198 2277 382 2340 Halenscm
405 2276 437 2338 Y
460 2296 482 2358 g
505 2277 547 2338 24
576 2277 728 2359 aliosque,
758 2276 817 2340 hos
841 2267 970 2358 quidem
999 2295 1040 2340 ex
1067 2276 1122 2339 illo
1146 2275 1230 2340 Lau-

90 2383 236 2445 rentiano
263 2383 357 2463 eqo
383 2381 568 2464 descriptos

176 2487 293 2568 Atque
324 2484 362 2546 ut
385 2482 556 2547 diiudicari
587 2485 694 2567 possit
727 2503 810 2566 quae
838 2486 917 2548 ratio
945 2485 1122 2550 intercedat
1144 2486 1230 2551 inter

93 2587 167 2652 haec
184 2587 250 2652 duo
270 2586 422 2650 codicum
438 2605 559 2668 genera
574 2588 624 2651 vel
639 2588 745 2672 potius
757 2589 843 2652 inter
855 2586 982 2652 codices
997 2588 1228 2654 abrincensem

93 2695 122 2752 et
136 2689 347 2755 Laudensem
371 2693 403 2753 et
427 2690 539 2771 quanti
562 2697 698 2773 uterque
721 2689 803 2753 liber
821 2709 917 2752 manu
936 2690 1074 2773 scriptus
1093 2690 1132 2753 ad
1152 2689 1230 2756 Ora·

92 2799 190 2858 torem
215 2791 460 2859 emendandum
484 2793 700 2864 aestimandus
723 2794 772 2874 sit,
797 2791 966 2855 nonnullos
984 2791 1126 2856 Oratoris
1142 2793 1229 2858 locos

93 2897 283 2982 diligentius
299 2901 530 2980 pertractemus
553 2897 784 2979 investigatum,
807 2901 917 2958 utrum
933 2895 1077 2958 codicem
1093 2895 1230 2960 alterum

92 3001 264 3085 neglegere
290 2999 387 3064 liceat
409 3019 448 3062 an
473 2999 553 3063 alter
575 3000 617 3062 sit
639 3000 731 3063 alteri
754 2998 998 3082 anteponendus
1025 3018 1067 3061 an
1090 3002 1228 3081 uterque

91 3105 283 3186 parimodo
313 3102 522 3167 adhibendus.
554 3102 781 3185 intellegemus
805 3107 913 3165 autem
940 3120 1005 3164 non
1029 3099 1121 3164 modo
1145 3100 1229 3164 Lau-

92 3207 230 3292 demem,
268 3205 446 3271 sedetiam
469 3206 703 3270 Abrinoensem
731 3204 862 3268 minime
885 3222 1002 3286 purum
1025 3202 1229 3285 liberumque

92 3330 158 3376 esse
182 3313 222 3376 ab
243 3308 559 3391 interpolationibus,
585 3309 711 3390 qualem
735 3327 760 3370 e.
779 3328 808 3390 g.
829 3306 978 3388 equidem
998 3307 1017 3388 ξ
1038 3307 1101 3369 105
1125 3309 1229 3372 miuus

92 3432 160 3478 esse
178 3415 307 3493 iudico,
331 3416 386 3480 aut
401 3431 420 3474 a
436 3412 635 3492 correcturis,
660 3429 742 3492 quae
762 3409 802 3473 ad
820 3409 910 3473 scioli
934 3408 1101 3474 cuiusdam
1120 3408 1226 3472 libidi-

92 3536 163 3580 nem
175 3537 253 3582 csse
268 3515 373 3578 laetae
385 3512 543 3594 videntur,
555 3513 658 3595 qualis
669 3515 688 3595 ξ
699 3514 761 3576 103
774 3519 993 3578 accusarentur
1002 3512 1081 3574 mihi
1091 3511 1228 3577 videtur.

92 3621 230 3704 Utrique
269 3625 376 3682 tamen
408 3618 512 3681 codici
543 3617 637 3681 etiam
668 3619 795 3700 saepius
826 3617 944 3680 iuiuria
971 3617 1095 3679 oriris
1125 3615 1229 3682 doctis

91 3722 189 3788 fidem
220 3740 299 3789 esse
331 3720 513 3802 abrogatam
538 3719 661 3800 eadem,
691 3725 728 3784 ut
758 3739 858 3802 spero,
889 3737 984 3802 opera
1013 3717 1229 3800 probabimus.

93 3825 263 3910 Quidquid
280 3827 389 3887 autem
405 3824 438 3885 in
456 3821 615 3886 Oratore
634 3821 779 3885 Tulliano
798 3822 1011 3902 statuerimus
1029 3819 1114 3884 idem
1131 3822 1229 3885 etiam

92 3928 124 3991 in
139 3929 244 3994 libros
269 3925 323 3991 De
348 3924 507 3989 Oratore
523 3925 637 3989 cadere
653 3924 752 3988 semel
767 3942 890 4004 moneo,
914 3942 954 3986 ne
970 3924 1005 3985 in
1021 3941 1118 3986 causa
1132 3923 1230 3988 nimis

94 4035 182 4096 tenui
206 4037 243 4098 et
268 4034 405 4112 angusta
427 4028 548 4092 versari
571 4027 628 4090 tibi
652 4027 826 4108 videamur,
850 4027 878 4090 si
900 4027 998 4088 totam
1015 4025 1097 4089 hauc
1113 4024 1230 4090 disser-

95 4137 246 4200 tationem
264 4135 300 4196 in
316 4132 429 4216 paucis
453 4131 550 4193 unius
573 4129 673 4193 libelli
698 4129 775 4193 locis
799 4130 917 4193 rectius
937 4125 1134 4209 explicandis
1152 4147 1229 4191 con-

95 4238 280 4302 tinebimus.

188 4387 206 4456 ¹)
225 4385 276 4441 Ed.
291 4400 317 4438 a.
333 4382 404 4436 1830
422 4380 510 4450 praef.
524 4396 586 4449 pag.
600 4378 689 4434 CXIV.
764 4378 784 4446 ²)
803 4376 940 4436 Friderici
959 4375 1023 4434 cod.
1035 4374 1054 4428 l.
