3240 5252
357 477 398 540 12
800 483 918 538 Petrus
942 483 1035 550 Rois,
1395 473 1481 562 [112]

353 656 490 738 fecimus.
514 691 556 702 -
582 655 681 736 §106
706 657 769 737 (34,
785 655 826 734 rr)
850 654 904 718 illa
928 673 1009 737 quse
1031 673 1108 718 vers
1130 658 1206 716 sunt
1224 654 1259 716 in
1275 653 1353 734 L¹):
1378 675 1481 740 eusqm

353 779 408 824 uos
424 763 538 845 primi,
562 763 741 846 quicumque
763 779 887 824 eremus
912 766 941 823 et
963 758 1274 843 quantulumcumque
1302 757 1480 838 dicebamus,

354 863 505 942 qnoniam
522 860 589 925 cod.
610 881 633 924 x
652 860 796 924 difficilis
815 867 883 924 erat
899 861 938 924 ed
954 860 1134 943 legendum,
1152 861 1296 942 corrupit
1311 862 1343 924 A
1361 862 1396 922 in
1411 863 1480 947 itaq.

353 957 408 1033 mu·
422 973 602 1055 quicumque
617 987 750 1050 cremus,
766 971 821 1032 cui
836 968 947 1032 ultimo
965 967 1063 1031 verbo
1079 971 1242 1031 corrector
1256 969 1482 1050 superscripsit

352 1076 432 1151 bu’t.
467 1076 575 1158 Atque
600 1076 660 1140 hee
686 1075 825 1158 ineptiae
848 1076 1061 1139 inveniuntur
1083 1079 1116 1138 et
1139 1075 1173 1138 in
1197 1074 1278 1138 Gud.
1303 1079 1408 1160 itaque
1429 1063 1481 1140 uu·

351 1181 531 1266 quicumque
553 1178 696 1243 crlcmus
719 1183 752 1242 et
774 1178 809 1241 in
832 1177 895 1242 Eri.
918 1182 1021 1264 itaque
1048 1195 1103 1242 uos
1127 1179 1390 1264 qualitercumque
1412 1200 1480 1243 crc-

351 1279 466 1344 dumus.
492 1315 537 1326 -
563 1281 582 1360 ξ
606 1280 668 1342 128
691 1280 808 1360 (seps)
831 1281 936 1362 Apro
962 1280 1047 1342 veris
1074 1282 1327 1346 cmuciucuudum
1355 1283 1481 1364 scripsit

350 1395 388 1448 cu
420 1386 449 1446 ei
475 1383 652 1447 dicundum.
688 1381 787 1446 Plane
814 1381 925 1446 eadem
952 1383 1048 1446 hebet
1074 1382 1164 1464 Gud,
1197 1403 1279 1465 quae
1305 1383 1371 1447 Erl
1400 1384 1479 1449 mele

352 1485 560 1548 commutavit
581 1486 616 1547 in
645 1505 714 1548 cum
746 1487 775 1548 ei
803 1485 974 1548 dicendum.
1003 1521 1045 1530 -
1074 1486 1093 1566 ξ
1119 1488 1180 1548 137
1210 1488 1274 1568 (45,
1291 1488 1332 1567 rs)
1359 1486 1479 1551 litteras

350 1591 476 1672 cuciput
492 1589 549 1650 uni
566 1587 719 1650 vocabulo
736 1587 881 1650 attribuit
895 1585 932 1650 A.
956 1587 1113 1650 Futurum
1129 1594 1236 1652 sutem
1252 1589 1332 1652 illud
1351 1595 1479 1672 propter

307 1679 312 1689 ’
349 1690 592 1754 antecedentem
613 1691 874 1753 coniunctionem
898 1696 932 1753 ut
956 1695 1143 1773 ceterosque
1167 1692 1399 1772 coniunctium,
1424 1694 1478 1773 qui

349 1798 513 1874 vocentur,
533 1793 643 1856 medes
662 1795 745 1858 duct
764 1795 796 1856 et
813 1793 882 1857 uelit
897 1794 930 1855 in
950 1792 1127 1874 praesentis
1147 1795 1391 1857 coniunctivum
1411 1814 1478 1858 mu·

350 1899 499 1959 taverunt
521 1896 584 1959 Erl.
609 1901 642 1960 et
665 1897 746 1960 Gud.
771 1933 815 1944 -
839 1897 857 1977 ξ
879 1897 1063 1976 1551511)
1086 1896 1253 1981 Aesculapi
1276 1896 1327 1960 vel
1348 1898 1478 1982 ‚escclupi

348 2017 467 2062 nornen
484 1997 569 2061 haud
586 1999 736 2080 cognorit
749 2001 786 2062 A.
804 1997 1044 2074 Quamobrem
1059 1999 1161 2062 eccela
1177 1999 1306 2081 scripsit
1322 2007 1477 2082 sequente

348 2100 449 2184 spatio
473 2102 571 2164 trium
594 2100 781 2164 litterarum.
808 2098 894 2163 Idem
921 2098 1075 2162 mendum
1097 2098 1177 2181 legis
1204 2100 1239 2162 in
1263 2099 1345 2163 Gud.
1369 2103 1475 2181 cuculi,

348 2205 382 2266 in
400 2203 461 2267 Erl.
478 2203 584 2268 denuo
606 2203 813 2286 depravatum
833 2223 870 2267 eu
888 2203 974 2266 scola.
1002 2201 1108 2265 Talem
1126 2221 1267 2267 errorem
1287 2223 1368 2266 num
1384 2210 1476 2287 putes

348 2311 381 2372 et
403 2305 437 2368 in
456 2307 487 2369 A
511 2312 543 2370 et
565 2308 599 2370 in
619 2308 697 2387 eius,
722 2325 818 2389 quern
838 2305 999 2388 Stanglius
1023 2303 1100 2385 vult,
1119 2305 1253 2388 gemello
1272 2305 1333 2387 Bl)
1356 2306 1475 2370 factum

348 2413 442 2475 esse?
470 2409 551 2474 Nam
571 2411 716 2474 nondum
734 2429 807 2474 eum
823 2409 924 2473 fuisse
939 2410 974 2471 in
990 2427 1013 2470 x
1030 2427 1067 2473 eo
1084 2407 1326 2489 demonstratur,
1344 2410 1431 2491 quod
1446 2412 1476 2473 A

347 2515 445 2577 trium
460 2515 640 2578 litterarum
658 2514 797 2596 spatium
812 2514 950 2595 reliquit.
967 2550 1011 2560 -
1029 2511 1049 2592 g
1067 2512 1130 2573 156
1147 2511 1210 2592 (53,
1222 2512 1264 2591 rs)
1279 2509 1308 2574 A
1326 2511 1475 2577 librarius

347 2618 568 2703 omiseratque
583 2618 724 2698 ducrum,
742 2637 824 2701 quse
839 2619 873 2680 in
889 2636 913 2679 x
932 2618 1039 2700 legere
1062 2635 1127 2678 non
1151 2620 1309 2697 potuerat.
1341 2617 1389 2682 Es
1408 2637 1474 2682 cor-

345 2720 434 2803 rupit
457 2726 619 2784 correctcr
646 2722 680 2782 in
703 2721 847 2802 margine
872 2719 992 2782 addens
1016 2737 1100 2804 quoq.
1129 2737 1208 2781 rum.
1245 2717 1383 2784 Ultimas
1411 2725 1474 2785 tres

345 2821 466 2885 litteras
491 2823 705 2905 neglexerunt
727 2822 790 2885 nrt.
814 2828 845 2885 et
864 2822 954 2902 (iud,
979 2840 1119 2885 errorem
1143 2826 1250 2884 tamen
1273 2831 1473 2906 receperunt,

346 2943 420 2988 cum
437 2924 551 2988 habeat
565 2924 629 2988 Eri.
642 2926 736 3010 plum
751 2945 873 3010 quoque,
894 2921 974 2986 Gud.
985 2924 1137 3009 planeque
1151 2944 1177 3008 q,
1195 2959 1238 2970 -..
1255 2925 1274 3004 q
1293 2926 1357 2989 153
1374 2927 1437 3009 (55,
1449 2929 1474 3008 ,)
1590 2967 1591 2979 ,

341 3029 581 3113 ‚acuetisquidem
596 3027 717 3090 litteras
732 3027 766 3088 in
783 3026 941 3090 vocabule
955 3045 1020 3089 non
1035 3026 1139 3108 potuit
1155 3025 1347 3092 distribuere
1363 3031 1402 3112 A,
1419 3030 1473 3113 qui
1589 3039 1590 3067 1

344 3131 446 3192 cerceis
468 3129 590 3214 quidem
610 3125 745 3212 scripsit,
770 3132 805 3189 ut
824 3145 942 3191 aeneae
961 3129 1145 3193 dicerentur
1162 3129 1297 3195 tabulae.
1325 3131 1472 3196 Eundem

345 3246 495 3311 errorem,
509 3247 607 3309 quem
619 3229 667 3292 bis
680 3229 825 3294 accidere
840 3232 983 3312 potuisse
998 3233 1053 3294 vix
1066 3234 1145 3295 mihi
1160 3235 1347 3316 persuadeo,
1363 3237 1398 3298 in
1411 3235 1472 3299 Erl

345 3337 376 3394 et
391 3332 425 3394 in
439 3331 520 3394 Gud.
533 3332 687 3396 invenies.
704 3369 746 3379 -—
763 3334 782 3416 1
797 3335 859 3396 158
872 3334 912 3397 ad
927 3335 983 3398 fin.
996 3337 1059 3418 (56,
1072 3337 1097 3416 s)
1112 3333 1241 3400 illerum
1256 3337 1380 3422 subepit,
1392 3359 1472 3402 sum·

343 3437 481 3516 mutauit,
494 3436 617 3500 sustulit
629 3435 698 3500 loco
710 3437 745 3498 in
754 3439 784 3498 A
797 3442 873 3499 sunt
884 3437 1007 3524 subepit,
1020 3447 1085 3504 tum
1097 3443 1234 3521 mutauit,
1246 3441 1379 3522 sustulit,
1392 3459 1471 3523 quae

342 3537 468 3619 integra
478 3538 513 3600 in
527 3537 607 3600 Gud.
621 3558 748 3621 quoque
761 3544 897 3622 exstent,
911 3561 985 3604 curn
995 3541 1059 3604 nrt.
1069 3543 1254 3624 correxerit,
1268 3548 1303 3604 ut
1315 3543 1471 3606 sententia

343 3638 505 3721 evaderet,
529 3640 673 3704 scribens
700 3664 769 3707 cum
793 3651 933 3709 mutatur
955 3654 991 3710 ut
1017 3648 1148 3711 succutit.
1172 3681 1215 3696 -
1240 3649 1258 3730 ξ
1282 3647 1346 3711 168
1371 3649 1470 3729 (611)

341 3759 398 3823 pro
418 3743 503 3806 veris
522 3749 885 3812 curtcseutiutmcemuut
907 3750 1034 3831 scripsit
1052 3751 1081 3812 A
1105 3771 1162 3814 cur
1184 3752 1351 3834 (sequente
1371 3752 1469 3834 spatie

342 3843 454 3907 decem
481 3845 549 3910 iere
572 3845 761 3929 litterarum)
788 3855 822 3912 ut
850 3871 904 3914 uec
926 3858 1050 3930 umuut3
1080 3857 1242 3918 corrector
1268 3853 1304 3916 in
1327 3855 1469 3937 margine

471 4003 576 4058 Littera
595 4005 616 4058 L
635 4005 762 4074 signatur
781 4022 936 4062 consensus
956 4009 1084 4064 codicum
1104 4009 1178 4081 FPO,
1201 4012 1236 4066 de
1256 4013 1357 4082 quibus
1378 4014 1468 4069 confe-

342 4001 497 4152 1111

432 4170 453 4238 ’1

432 4255 452 4323 ³)

474 4169 512 4225 Cf.
527 4171 610 4226 huius
630 4171 697 4227 diss.
711 4191 772 4246 pag
786 4178 811 4232 8

471 4257 595 4328 Stangl
588 4277 617 4313 m
634 4259 706 4315 stt
694 4261 757 4316 11)
776 4261 805 4316 G.
826 4263 868 4331 21,
882 4263 917 4318 32
936 4266 989 4320 et
982 4282 1012 4319 m
1031 4265 1162 4322 editionis
1181 4269 1388 4327 Schenldienee
1407 4287 1467 4342 pro·

341 4341 442 4408 oemio,
462 4360 518 4412 qua
537 4345 572 4399 de
591 4362 621 4398 re
640 4343 829 4416 Heerdegen
822 4362 852 4401 m
871 4349 910 4403 Bl.
925 4350 942 4403 1.
957 4350 983 4404 b.
998 4351 1027 4405 G.
1048 4353 1091 4418 22,
1107 4353 1158 4407 103
1177 4357 1233 4408 not.
1249 4355 1273 4409 1
