3228 5268
363 479 406 542 28
802 483 914 537 Xaver
933 482 1052 551 Herm,

363 655 575 739 Hermogenis
599 655 764 738 dispositio
789 655 868 718 haec
892 658 956 718 est:

453 759 547 822 ἔθνος
569 757 713 841 (Ἕλλην)

452 862 545 925 πόλις
568 860 756 943 (Ἀθηναῖος)

451 966 545 1039 γένος
567 963 836 1047 (Ἀλκμαιωνίδης)

451 1067 567 1143 γένεςις
590 1067 747 1148 (θαύματα
771 1067 819 1128 καὶ
843 1064 1003 1145 ὀνείρατα)

453 1171 558 1249 τροφή

453 1271 563 1348 ἀγωγή

453 1374 561 1454 φύςιςε

525 1478 554 1558 α)
578 1479 723 1553 ςώματος
746 1475 862 1557 (καλός,
887 1476 992 1554 μέγας,
1015 1475 1120 1554 ταχύς,
1144 1475 1283 1559 ἰςχυρός)

524 1578 556 1657 b)
579 1582 684 1656 ψυχῆς
706 1579 844 1660 (δίκαιος,
870 1581 1022 1657 ςώφρων,
1046 1577 1157 1657 ςοφός,
1181 1577 1340 1661 ἀνδρεῖος)

454 1682 682 1761 ἐπιτηδεύματα
712 1684 790 1761 (βίος
823 1682 1014 1762 φιλόςοφος,
1048 1681 1224 1759 ῥητορικός,
1257 1682 1498 1764 ςτρατιωτικός),

525 1786 559 1848 in
584 1785 701 1868 quibus
724 1786 810 1849 facta
833 1785 1093 1849 demonstrantur
1125 1791 1128 1797 “

454 1889 493 1951 τὰ
517 1887 607 1952 ἐκτός
631 1892 805 1971 (ςυγγενεῑς,
830 1889 926 1967 φίλοι,
951 1889 1100 1966 κτήματα,
1125 1887 1246 1964 οἰκέται,
1269 1887 1360 1971 τύχη)

453 1992 573 2071 τρόπος
596 1995 652 2068 τῆς
674 1994 820 2068 τελευτῆς

453 2095 493 2157 τὰ
521 2095 599 2172 μετὰ
621 2095 679 2157 τὸν
708 2094 849 2157 θάνατον
876 2092 1020 2175 (ἀγῶνες,
1049 2094 1195 2171 χρηςμός,
1223 2097 1332 2158 παῖδες
1361 2095 1498 2175 ἔνδοξοι)

455 2197 607 2278 Sequitur
622 2197 722 2276 igitur
735 2195 967 2278 Hermogenes,
984 2214 1125 2277 quocum
1140 2198 1335 2278 posteriores
1353 2199 1498 2262 rhetores

363 2303 519 2381 iecerunt,
536 2319 601 2362 non
618 2299 757 2364 Stoicam
772 2319 918 2362 normam
933 2297 990 2363 sed
1007 2299 1269 2382 compositionem
1288 2299 1386 2382 fliam,
1403 2319 1499 2382 quum

365 2406 511 2469 historici
540 2406 575 2467 in
607 2405 682 2467 vitis
718 2401 957 2466 conscribendis
988 2400 1212 2466 adhibuerunt
1259 2402 1379 2467 Omnes
1413 2405 1499 2467 enim

365 2511 494 2575 illorum
517 2508 623 2572 ‘vites’
649 2507 816 2572 continent
833 2507 935 2586 γένος,
951 2507 1104 2584 παιδείαν,
1121 2504 1221 2586 φύςιν,
1238 2503 1498 2588 (ἐπιτηδεύματα),

365 2611 509 2691 πράξεις;
534 2611 681 2693 exempla
704 2613 780 2672 sunt
802 2608 1028 2690 Xenophontis
1052 2608 1118 2671 vitu
1142 2606 1259 2690 Cyriq,
1283 2607 1414 2691 Polybii
1433 2609 1498 2671 vitu

364 2715 661 2797 Pmlopoemenisq,
682 2711 823 2776 Cornelii
839 2711 972 2793 Nepotis
988 2710 1054 2774 vita
1068 2709 1309 2792 Epaminondae
1316 2712 1347 2793 ³),
1371 2710 1402 2774 N
1403 2710 1498 2776 icolai

365 2816 432 2896 βίος
452 2817 642 2899 Καίςαρος4),
655 2814 817 2879 Ammiani
833 2814 1017 2878 encomium
1032 2812 1179 2877 Eutherii
1189 2814 1212 2895 5)
1225 2817 1283 2876 etc.
1302 2851 1344 2858 —
1362 2813 1497 2878 Hermo-

365 2937 463 3002 genes
486 2923 602 3002 outem
627 2937 822 3001 quamquam
845 2917 1025 2980 Stoicorum
1041 2913 1284 2998 dispositionem
1299 2914 1448 2979 dissolvit
1466 2920 1497 2980 et

365 3021 508 3103 singulos
524 3019 644 3084 τόπους
660 3019 840 3084 secundum
855 3022 1000 3102 tempora
1012 3017 1152 3102 digessit,
1164 3023 1271 3083 tamen
1284 3039 1351 3082 non
1367 3021 1496 3083 omnino

365 3124 405 3188 ab
432 3124 562 3186 illorum
584 3124 763 3206 praeceptis
791 3123 953 3187 abscessit.
986 3121 1124 3186 Praebet
1147 3123 1234 3186 enirn
1255 3127 1294 3186 ut
1315 3122 1363 3185 illi
1393 3123 1496 3187 τόπον

364 3227 523 3291 bonorum
542 3230 749 3312 externorum
772 3226 822 3306 (τὰ
839 3225 956 3307 ἐκτός);
979 3223 1095 3288 deinde
1111 3226 1246 3288 retinuit
1262 3228 1414 3306 quattuor
1427 3225 1496 3288 illas

365 3329 543 3394 Socraticas
567 3329 711 3410 virtutes,
735 3330 792 3393 sed
815 3332 860 3394 ita
887 3335 924 3393 ut
952 3329 1082 3393 doceret
1105 3329 1339 3412 singultiente
1362 3330 1403 3394 ad
1426 3330 1495 3394 illas

364 3431 634 3498 accommodanda
653 3451 731 3514 esse,
755 3438 791 3495 ut
814 3437 863 3498 est
882 3432 968 3515 apud
983 3432 1221 3496 Anaximenem
1237 3437 1269 3496 et
1284 3431 1417 3516 Stoicos,
1441 3431 1496 3497 sed

365 3537 500 3599 virtutes
520 3535 706 3599 referuntur
729 3535 769 3599 ad
792 3536 885 3616 prior
894 3536 925 3618 ⁶).
952 3534 1097 3598 Primum
1120 3532 1205 3616 apud
1223 3535 1311 3599 huno
1332 3539 1496 3602 auctorem

458 3703 476 3773 ¹)
494 3705 582 3758 Instit.
597 3704 662 3773 Cyri
680 3705 692 3758 Ι
711 3706 736 3772 2,
750 3705 775 3758 6.

456 3789 477 3859 ²)
496 3789 562 3843 Leo
580 3789 599 3843 l.
614 3805 636 3843 o.
651 3789 705 3842 244
723 3805 799 3858 seqq.

456 3874 477 3943 8)
494 3875 560 3928 Leo
578 3875 596 3928 l.
611 3890 633 3928 ο.
648 3875 699 3928 207
720 3889 795 3943 seqq.

456 3959 478 4028 ⁴)
497 3959 563 4013 Leo
582 3961 600 4013 l.
614 3977 638 4014 c.
654 3959 713 4013 190.

455 4043 478 4111 ⁵)
495 4044 561 4098 Leo
579 4045 598 4098 l.
613 4060 635 4098 c.
649 4061 692 4113 pg.
707 4044 767 4098 240.

456 4130 477 4199 ο)
497 4129 558 4197 Qua
571 4130 601 4183 in
614 4146 644 4183 re
656 4130 822 4199 corrigenda
835 4133 878 4184 est
890 4129 992 4184 Leonis
1006 4129 1148 4184 sententia
1161 4127 1280 4183 dicentis
1292 4129 1320 4199 (l.
1332 4145 1356 4183 c.
1366 4147 1411 4201 pg.
1420 4131 1494 4200 210):

365 4215 484 4268 ‘Ebenso
503 4215 627 4270 schreibt
645 4215 742 4269 Theon
760 4215 818 4268 und
836 4213 881 4268 die
898 4214 1007 4268 andern
1020 4214 1165 4269 Veriesser
1182 4230 1239 4268 von
1251 4216 1495 4282 προγυμνόςματα

365 4299 418 4352 wie
438 4299 511 4353 euch
529 4298 685 4353 Menander
703 4299 909 4368 unzweideutig
927 4317 987 4367 vor,
1007 4299 1062 4354 ded
1088 4299 1167 4352 nicht
1191 4299 1362 4354 iortleuiend
1382 4302 1493 4367 erzdhit,

365 4383 490 4437 sondern
508 4384 582 4438 nach
601 4383 753 4451 Tugenden
772 4383 927 4452 disponiert
945 4384 1059 4440 werden
1077 4383 1189 4438 musse’.
