3240 5252
1 449 2 456 Ν
109 481 199 568 [249]
406 507 407 510 ¹
570 489 669 545 seua
688 488 825 544 reuma.
1206 487 1249 552 39

108 662 149 726 ud
166 661 264 726 huius
281 663 409 746 ponere
427 658 605 744 [duurdr]¹)
620 649 775 728 audiendi
790 663 987 729 incruentum
1005 665 1110 730 studia
1126 685 1250 730 couver-
1308 741 1312 750 ,

108 768 200 828 timus
225 813 282 826 ...
311 762 410 827 Nemo
430 765 511 827 cuim
535 770 649 836 orator¹
663 771 726 829 tum
750 765 848 829 multu
872 787 909 830 ue
931 769 966 830 tu
986 767 1104 832 Graece
1125 769 1250 854 qaudam

109 869 166 934 uio
182 869 322 950 scripsit,
346 887 438 951 qucum
458 866 555 930 multu
577 873 650 932 auat
671 873 785 948 neura,
804 889 898 954 euque
920 869 999 934 huuc
1021 872 1120 954 ipsam
1139 870 1250 936 tabent

109 993 199 1056 prum
217 970 323 1055 probo
345 972 523 1034 uruuuu
543 1007 584 1016 -
604 989 647 1032 ex
665 975 730 1034 toto
750 970 818 1052 hoe,
842 972 981 1053 inquam,
1006 991 1157 1039 connexu
1175 972 1249 1038 luce

110 1074 226 1138 elarius
246 1076 385 1156 apparet
403 1071 541 1136 Tullium
564 1074 599 1136 in
618 1074 637 1154 ξ
659 1075 721 1136 105
741 1093 807 1136 non
827 1073 964 1138 dixisse:
989 1096 1044 1140 uas
1066 1097 1128 1140 uou
1148 1079 1251 1142 miuus

110 1199 258 1263 uapuum
283 1175 469 1258 fecissemus,
493 1175 549 1240 sed
568 1177 689 1240 maiore
709 1176 845 1258 quadam
870 1178 1085 1241 conscientia:
1105 1200 1160 1244 uos
1181 1201 1250 1246 mu-

107 1302 203 1365 puum
215 1280 406 1363 fecissemus,
417 1297 500 1359 quae
512 1278 637 1361 integra
647 1279 800 1360 leguntur
810 1281 843 1342 iu
857 1279 891 1342 L.
916 1279 1029 1362 Neque
1043 1282 1130 1344 enim
1136 1279 1250 1346 Fride-

109 1385 173 1446 rieo
194 1382 351 1446 assentiri
369 1399 508 1463 possum,
528 1381 584 1462 qui
606 1383 639 1444 in
660 1381 774 1445 Philel.
793 1384 846 1463 44,
864 1384 929 1447 680
947 1385 1136 1465 pronomine
1161 1385 1250 1466 qued

110 1493 156 1549 est
178 1507 234 1550 uos
264 1483 447 1566 significari
475 1484 623 1566 opinatur
646 1484 813 1549 Romanoa.
847 1486 948 1550 Immo
975 1487 1001 1548 A
1027 1486 1188 1568 librarius,
1212 1493 1250 1552 ut

109 1588 275 1652 modestus
297 1585 465 1650 videretur
483 1586 605 1668 Cicero,
629 1590 732 1652 miuus
755 1587 966 1672 interpolavit.
996 1588 1060 1652 Sed
1084 1591 1161 1673 quia
1183 1591 1248 1654 dici

110 1713 171 1754 non
191 1695 364 1774 poterant:
386 1710 439 1755 uos
456 1693 561 1754 miuus
584 1712 730 1774 mcpuum
746 1691 927 1774 fecissemus,
948 1696 976 1756 st
994 1695 1115 1778 quidem
1129 1699 1250 1779 potuis-

109 1817 207 1860 semus
222 1816 285 1880 quo
300 1794 512 1860 rcutcudtmua
521 1796 692 1877 peruenire,
705 1793 809 1872 codex
825 1793 1030 1877 Erlangensis
1047 1799 1110 1860 303
1128 1797 1250 1880 aliique

110 1899 237 1962 codices
257 1896 367 1960 mutili
387 1897 420 1959 et
437 1896 530 1958 mixti
548 1900 621 1959 ante
638 1900 741 1961 miuus
756 1895 948 1960 addiderunt
964 1919 1032 1979 uou,
1047 1897 1215 1964 Gudianus
1229 1903 1248 1964 2

109 2002 253 2064 modeste
270 2000 429 2063 fatentem
445 1997 521 2062 lecit
537 1999 740 2081 scriptorem:
759 2020 813 2064 uos
828 2003 931 2064 miuus
947 2022 1093 2085 mupuum
1109 2001 1249 2084 fuimus.

198 2236 216 2316 ᾖ
245 2234 312 2296 107
332 2251 377 2312 sq.
413 2231 542 2294 Ieiunas
565 2231 665 2313 illius,
695 2252 791 2314 quam
818 2233 917 2294 solam
946 2232 1070 2314 prebat,
1095 2234 1249 2298 orationis

110 2338 300 2420 multiplicis
333 2340 365 2397 et
393 2334 603 2416 aequabiliter
629 2335 663 2396 in
692 2337 798 2398 omnia
826 2354 943 2418 genera
971 2335 1062 2399 fusae
1091 2355 1124 2398 se
1154 2356 1249 2402 aures
1366 2383 1369 2387 -

110 2440 271 2504 Romanas
298 2438 461 2520 accepisse
490 2457 608 2518 easque
636 2457 670 2500 se
693 2440 834 2520 primum
861 2439 900 2501 ad
927 2438 1015 2501 illius
1038 2440 1164 2521 generis
1192 2460 1249 2502 au-

110 2545 219 2607 diendi
250 2541 457 2605 incredibilia
486 2541 592 2603 studia
615 2541 811 2605 convertisse
838 2541 962 2604 Tullius
992 2542 1142 2624 aequales
1172 2562 1248 2606 suos

108 2653 216 2711 monet
236 2667 276 2710 ac
297 2645 422 2727 pergit:
448 2643 580 2724 Quantis
599 2645 654 2708 illu
672 2645 855 2710 clamoribus
873 2647 1092 2723 adulescentuli
1109 2647 1250 2712 dicimus

1 2743 2 2762 *
107 2751 142 2814 dc
160 2750 318 2835 supplicio
333 2748 578 2831 parricidarum,
598 2769 675 2833 quae
694 2769 886 2834 nequaquam
906 2752 980 2812 satia
1002 2749 1165 2832 defervisse
1179 2758 1249 2834 post

107 2855 269 2939 atiqucutc
301 2853 414 2914 scutica
445 2853 614 2934 coepimus:
646 2851 741 2930 ‘Quid
768 2854 849 2915 euim
879 2859 941 2915 tou
970 2873 1127 2916 commuue
1154 2873 1248 2936 quum

106 2961 236 3041 spiritus
260 2943 351 3034 uiuis,
375 2960 460 3017 teruu
491 2957 631 3034 mouuts,
656 2975 742 3017 mure
767 2954 999 3036 fluctuantibus,
1027 2955 1101 3019 titus
1122 2958 1247 3020 eiectis?

106 3059 158 3124 Itu
173 3063 293 3140 utuuut,
313 3057 389 3120 dum
400 3064 536 3140 possuut,
556 3063 591 3120 ut
608 3057 717 3120 ducere
735 3060 873 3121 autunum
893 3057 930 3121 rte
948 3058 1028 3122 caeto
1046 3078 1108 3120 uou
1126 3067 1247 3142 quccut,

106 3166 150 3227 itu
174 3165 374 3240 mortuutur,
399 3167 560 3223 uteorum
584 3180 650 3224 essu
672 3166 757 3223 terra
785 3181 847 3224 uou
876 3167 992 3245 tcaput,
1020 3163 1066 3224 itu
1089 3163 1249 3224 tuctuutur

105 3266 258 3348 fluctibus,
285 3270 322 3326 ut
344 3284 512 3348 uumqucm
531 3263 712 3343 adluuntur,
735 3266 780 3326 itu
794 3269 948 3347 postremo
970 3266 1133 3343 uuuuuur,
1157 3270 1192 3326 ut
1210 3285 1249 3328 uc

107 3371 148 3434 ud
170 3391 250 3434 saxu
270 3367 395 3453 quidem
414 3369 530 3430 mortui
547 3366 801 3450 couquuuau’u
824 3373 853 3430 et
870 3387 948 3450 quoe
965 3372 1151 3451 sequuntur,
1176 3376 1251 3432 suut

107 3475 188 3536 euim
212 3472 324 3536 cuuto
346 3472 423 3532 sicut
450 3469 650 3532 adulescentis
673 3489 734 3532 ueu
757 3475 820 3532 tum
845 3490 878 3532 re
900 3475 928 3532 et
952 3471 1132 3533 maturitate
1155 3489 1250 3553 quum

107 3596 157 3658 spu
183 3583 212 3640 et
236 3575 458 3656 exspectatione
485 3572 615 3635 tuudott.
650 3571 699 3634 Ab
721 3571 778 3635 huc
805 3571 907 3635 iudote
930 3575 993 3636 tum
1020 3572 1076 3636 uu
1105 3578 1249 3636 matura:

108 3677 200 3742 ‘uuor
212 3677 334 3762 pcucri,
353 3695 479 3739 uouerco
493 3673 563 3756 filit,
575 3673 659 3756 filice
669 3675 788 3758 poctuu’
799 3675 838 3754 ³);
858 3695 911 3738 uec
927 3696 996 3739 cero
1014 3675 1062 3738 lu'c
1081 3683 1149 3740 erut
1167 3695 1252 3742 aeuus

107 3782 205 3844 arder
229 3784 268 3844 tu
292 3777 388 3858 uobis,
412 3785 448 3841 ut
470 3777 523 3841 hoc
547 3778 634 3841 modo
661 3780 765 3844 omuiu
788 3779 972 3857 diceremus,
996 3782 1064 3862 quse
1087 3783 1170 3843 euim
1192 3779 1252 3844 itta

108 3881 182 3968 [pro
201 3879 328 3964 Roscio]
347 3881 489 3945 tuueuttis
508 3881 720 3944 rcduudcutiu
743 3882 841 3946 mutto
858 3881 945 3946 habet
962 3889 1132 3964 attenuato,
1156 3901 1251 3966 quac·

203 4124 222 4194 ¹)
240 4123 376 4176 Glossam
387 4123 505 4189 diceudo,
524 4137 598 4188 quae
612 4120 697 4176 estin
709 4121 738 4187 L,
753 4121 804 4174 sed
818 4121 899 4175 abest
912 4119 941 4172 in
956 4121 986 4189 A,
1009 4136 1076 4175 cum
1090 4119 1252 4177 Stroebelio

1 4219 2 4222 ’
108 4211 196 4278 (Burs.
213 4224 283 4264 anu.
297 4206 341 4272 84,
362 4207 424 4277 349)
443 4207 572 4276 expello,-

201 4295 222 4363 2)
242 4292 289 4347 Or.
310 4307 360 4358 pro
380 4293 405 4346 S.
419 4293 523 4347 Roscio
543 4292 676 4346 Amerino
696 4291 712 4360 ἕ
731 4294 773 4346 72.

200 4380 223 4448 ³)
243 4378 291 4433 Or.
312 4393 361 4444 pro
381 4378 511 4434 Cluentio
530 4378 632 4449 Habito
653 4377 668 4446 §
689 4379 747 4432 199.
