3240 5252
129 493 222 578 [227]
584 497 680 551 Studia
700 496 835 552 Tulliana.
1230 492 1270 555 67

131 678 220 746 oerta
252 672 327 734 fide
358 670 498 752 reparari
522 674 662 751 possunt,
692 688 825 750 quorum
852 675 958 733 tamen
983 688 1112 732 sensum
1137 688 1178 732 ex
1202 670 1273 733 aliis

132 777 213 841 lacis
239 775 399 856 colligere
424 772 507 835 licet.
539 772 589 834 Ac
611 772 749 855 primum
777 772 842 835 huc
866 773 1084 835 interserenda
1112 779 1188 836 sunt
1210 775 1273 857 illa,

132 898 218 962 quae
251 896 356 960 supra
388 874 609 939 observatione
643 873 779 955 quadarn
809 874 994 957 reperimus.
1030 875 1202 939 Praeterea
1233 877 1273 942 de

133 982 347 1066 peroratione
365 979 440 1042 talia
455 978 523 1042 fere
538 977 591 1040 hic
614 977 714 1040 fuisse
739 978 899 1058 suspicor:
922 979 1097 1061 perorando
1112 986 1214 1043 autem
1230 982 1275 1046 eel

133 1082 353 1168 inflammabit
384 1080 515 1144 iudicem
547 1081 591 1144 ml
613 1080 773 1166 mitipabit‚
804 1100 884 1161 quae
915 1083 1035 1163 sumpsi
1064 1100 1106 1144 ex
1131 1080 1274 1146 Oratoris

131 1190 257 1270 §1222
288 1191 362 1270 post
391 1189 495 1248 omnia
519 1185 605 1258 <in>
633 1187 859 1268 perorationem
890 1183 1133 1266 inflammantem
1162 1189 1274 1251 restin-

133 1299 316 1378 puentemve
340 1287 517 1352 concludere
540 1289 572 1349 et
594 1286 641 1349 De
665 1306 708 1349 ar.
727 1286 768 1367 II,
794 1287 874 1348 332:
904 1290 1008 1351 omnia
1031 1294 1132 1352 autem
1156 1291 1275 1354 conclu-

133 1383 241 1460 denda
259 1393 456 1478 plerumque
485 1390 573 1455 rebus
599 1390 749 1475 aupendis
777 1391 822 1453 eel
851 1388 1076 1471 inflammando
1102 1392 1203 1455 iudice
1231 1393 1276 1456 ml

136 1498 325 1584 mitipando.
357 1494 417 1556 llla
447 1512 529 1576 quae
559 1495 710 1576 proposui
740 1493 838 1556 verbe
867 1499 951 1556 retro
982 1497 1129 1576 spectant
1158 1496 1198 1558 ad
1228 1517 1274 1577 ea,

135 1622 220 1686 quae
244 1602 354 1684 prima
377 1598 417 1661 de
440 1600 602 1680 prooemio
627 1597 793 1680 leguntur:
818 1596 962 1660 cestibula
980 1601 1132 1663 nimirum
1150 1599 1275 1666 borresto

133 1708 304 1789 aditusque
329 1702 373 1766 od
394 1723 519 1766 causam
537 1701 630 1784 faciet
648 1702 788 1766 illustres.
817 1700 942 1763 Deinde
960 1701 1073 1764 eodem
1088 1701 1190 1784 mado,
1210 1723 1274 1784 quo

138 1809 256 1872 Cicero
275 1805 450 1869 coniunxit
473 1803 552 1867 haee
575 1809 670 1886 atque
695 1822 739 1884 ea,
764 1822 845 1884 quae
869 1802 908 1865 de
932 1805 1208 1885 argumentatione
1225 1825 1275 1870 se-

139 1915 297 1994 quuntur,
316 1927 392 1971 oum
406 1907 548 1970 breviter
561 1910 735 1989 repeteret:
756 1926 882 1990 cumque
897 1909 1016 1971 animos
1028 1907 1138 1990 prima
1153 1929 1276 1993 oppres-

135 2017 219 2079 sione
238 2013 443 2095 occupaverit,
461 2010 575 2072 eodem
598 2011 665 2072 fere
681 2009 775 2072 modo
792 2009 1018 2091 coniungenda
1033 2015 1109 2072 sunt
1127 2029 1171 2091 ea,
1192 2031 1275 2092 quae

138 2119 392 2193 interseruntur,
416 2122 512 2194 atque
532 2133 577 2192 ea,
601 2134 682 2195 quae
706 2114 937 2196 paragraphum
962 2112 1168 2177 concludunt.
1189 2114 1274 2200 Ergo

138 2228 174 2286 ut
189 2240 275 2304 quae
295 2219 336 2282 de
350 2219 550 2300 peroratione
566 2219 733 2300 interpono
747 2217 829 2280 bene
846 2217 1048 2298 excipiantur
1060 2217 1174 2299 verbio,
1192 2237 1275 2298 quae

136 2331 230 2388 sunt:
266 2324 305 2387 de
328 2320 516 2403 firmissimis
538 2320 602 2384 alio
622 2322 727 2404 prima
746 2326 847 2404 ponet,
871 2320 935 2383 alia
954 2327 1117 2403 postremo,
1140 2323 1276 2385 imulen-

136 2429 240 2514 bitque
259 2427 385 2503 leviora,
410 2424 488 2487 haec
508 2442 635 2504 quoque
660 2422 733 2484 addi
753 2422 864 2485 velim:
890 2443 1120 2508 nonnumquam
1140 2446 1175 2488 ca
1198 2446 1276 2509 qnae

138 2531 284 2596 excellent
303 2527 600 2602 sementariarum
612 2527 834 2611 perorandum,
851 2547 933 2589 nam.
958 2525 1047 2603 Quae
1065 2526 1162 2589 verba
1177 2528 1276 2592 inter-

139 2634 279 2719 polanda
312 2632 451 2714 prompsi
482 2651 522 2693 ex
548 2631 595 2694 De
624 2651 666 2694 or.
688 2631 707 2693 l.
728 2629 769 2710 II,
794 2631 874 2692 314:
904 2651 975 2715 erpo
1077 2633 1112 2694 in
1139 2635 1277 2698 oratione

138 2740 359 2823 firmissimum
379 2735 516 2818 quodque
538 2737 578 2798 sit
595 2737 750 2818 primum;
775 2735 850 2796 dum
869 2734 949 2797 uiuo
971 2741 1073 2797 tamen
1091 2737 1126 2799 in
1148 2742 1277 2821 utroque

140 2849 293 2922 teneatur,
319 2845 354 2902 ut
376 2859 412 2902 ea
434 2859 510 2922 quae
532 2838 674 2901 excellent
697 2844 855 2901 seruentur
874 2840 966 2902 etiam
990 2840 1033 2902 ad
1052 2842 1276 2923 perorandum,

138 2949 245 3031 siqua
266 2947 362 3006 erunt
384 2941 548 3004 mediocria
639 2944 674 3004 in
697 2941 829 3005 mediam
852 2941 975 3005 larbam
994 2949 1083 3026 atque
1098 2945 1133 3005 in
1152 2963 1275 3028 prepem

138 3050 316 3111 coiciantur
332 3047 365 3106 et
385 3041 433 3105 lle
450 3062 493 3104 or.
510 3042 551 3124 II,
573 3043 647 3122 309,
671 3043 728 3105 ubi
752 3042 790 3105 de
814 3042 917 3105 firmis
941 3045 1046 3126 agitur
1069 3047 1275 3126 argumentis.

229 3151 359 3231 Itaque,
372 3153 408 3208 ut
420 3166 502 3228 quae
515 3147 583 3209 dixi
596 3147 798 3229 complectar,
814 3148 910 3210 huius
922 3149 1109 3232 paragraphi
1125 3150 1275 3214 lacunam

142 3254 348 3317 manifestam
378 3250 432 3312 tali
459 3250 527 3313 fere
551 3252 673 3314 ratione
703 3250 896 3332 explendam
923 3271 1082 3334 propono:
1120 3253 1276 3320 Vestibula

139 3362 293 3422 nimirum
319 3354 442 3418 bonesto
466 3356 627 3439 aditusque
649 3356 692 3419 ad
714 3375 836 3418 causam
861 3353 954 3436 faciet
977 3355 1123 3435 illustres;
1148 3377 1276 3442 cumque

138 3465 260 3526 animos
272 3460 384 3543 prima
399 3461 589 3542 oppressione
604 3461 799 3542 occupaverit,
816 3457 987 3540 infirmabit
998 3458 1190 3543 eucludetque
1205 3481 1276 3524 ecn-

140 3568 254 3645 traria‚
268 3560 491 3643 <confirmabit
508 3582 566 3625 sua
588 3569 615 3624 et
638 3560 813 3639 illustrabit,
833 3561 1012 3643 perorando
1034 3567 1135 3624 arrum
1159 3561 1203 3624 rel
1226 3566 1276 3632 in-

137 3667 317 3755 flommabit
340 3665 471 3729 indicem
490 3666 534 3729 ml
552 3665 716 3751 mitipabit3
741 3685 972 3748 nonnumquam
990 3684 1118 3748 eaquae
1133 3664 1277 3731 eccellent

126 3772 273 3839 ,servabit
289 3771 383 3834 etiam
406 3768 448 3832 ad
462 3767 686 3852 perorandum:
703 3789 776 3831 nom
792 3767 859 3844 >de
879 3766 1066 3849 firmissimis
1085 3766 1151 3830 alia
1165 3771 1277 3849 primo

131 3884 236 3963 ponet,
264 3874 333 3938 olio
350 3878 516 3956 postrema,
540 3871 935 3956 inculcabitque1)lerioro.

228 4085 247 4166 ξ
270 4083 322 4144 68.
355 4077 461 4141 Locus
485 4078 549 4141 iam
573 4098 591 4140 a
610 4076 829 4160 compluribus
845 4075 922 4138 viris
939 4075 1040 4138 doctis
1057 4078 1210 4137 tractatus
1227 4080 1277 4143 sio

138 4184 360 4199 ,-,-..-....--

231 4219 250 4287 ¹)
272 4211 416 4281 Sandysio
436 4217 563 4266 auctore:
591 4213 649 4264 atio
665 4213 762 4279 primo
777 4215 867 4278 ponet,
892 4211 951 4260 otia
966 4216 1107 4276 postrema
1125 4209 1277 4266 inculcabit

135 4305 290 4372 locabitque
310 4302 343 4352 in
361 4293 456 4353 medic
467 4303 570 4354 leuiora
584 4298 779 4368 corrigendum
794 4314 851 4351 non
865 4314 927 4351 esse
941 4299 1056 4366 apparet
1070 4313 1105 4349 ex
1118 4295 1277 4357 editionum

134 4385 373 4446 adnotationibus
393 4384 588 4454 epexegeticis.

1152 4488 1201 4541 15*
