3228 5268
345 484 388 546 34
785 488 896 542 Xaver
913 486 1031 553 Herm,

343 664 450 725 orator
461 662 573 744 pergat
584 660 642 743 (cp.
654 659 721 742 14):
735 657 877 738 ‘poturit
889 660 945 736 μὲν
958 656 977 720 ὁ
989 657 1107 735 χρόνο(
1118 657 1305 739 παρήμειψε,
1320 656 1467 738 Καιεαρίῳ

345 765 381 826 δὲ
403 763 439 825 τὸ
462 766 518 839 τῆ(
541 761 683 824 εὐδοξία(
699 757 825 824 ἄλυτον’
842 764 972 843 apparet
990 758 1174 822 Caesarium
1198 763 1231 822 et
1249 758 1391 840 Ioviano,
1416 758 1469 840 qui

343 883 447 945 usque
471 862 512 926 ad
537 883 655 926 annum
681 864 745 926 364
769 863 860 944 vixit,
885 867 917 926 et
939 863 1036 926 etiam
1058 860 1202 940 Valente,
1226 862 1282 943 qui
1306 861 1377 924 eius
1401 879 1470 923 suc·
1594 881 1595 898 ¹

345 985 452 1031 cessor
484 965 559 1049 fuit,
594 964 803 1048 regnantibus
835 967 965 1030 vixisse.
1000 964 1153 1046 Sequitur
1184 964 1370 1028 Caesarium
1402 968 1471 1047 post

345 1089 466 1132 annum
491 1069 557 1132 364
581 1073 743 1131 mortuum
766 1087 844 1133 esse.
877 1067 976 1132 Aliud
998 1067 1137 1132 accedit:
1162 1069 1268 1131 orator
1285 1068 1473 1150 priusquam

346 1171 487 1234 Caesarii
510 1176 645 1235 mortem
669 1177 783 1254 narrat,
813 1175 1040 1236 commemoret
1066 1172 1291 1234 vehementem
1315 1169 1473 1252 quendam

345 1277 450 1337 terrae
473 1278 605 1355 motum,
631 1292 728 1354 quem
746 1274 823 1337 urbs
841 1273 960 1338 Nicaea
979 1292 1072 1357 passe
1090 1274 1132 1336 sit
1150 1274 1209 1356 (cp.
1228 1274 1289 1355 15).
1312 1273 1383 1336 lam
1401 1293 1473 1336 cum

345 1374 466 1439 Nicaea
486 1380 558 1459 post
573 1375 691 1438 Iuliani
713 1381 848 1440 mortem
872 1375 952 1439 duos
975 1382 1078 1438 161166
1102 1379 1207 1438 motus
1228 1374 1354 1457 viderit,
1380 1393 1473 1457 quae-

346 1477 437 1559 ritur,
465 1475 506 1539 ad
530 1496 627 1558 quem
650 1496 770 1539 annum
792 1479 829 1558 is,
859 1479 916 1559 qui
939 1498 957 1540 6
981 1476 1133 1559 Gregorio
1162 1482 1366 1559 memoratur,
1394 1477 1474 1541 1616-
1594 1507 1595 1514 ¹

345 1579 465 1645 rendus
497 1579 553 1642 sit:
588 1579 668 1643 alter
700 1581 787 1642 enim
818 1580 881 1643 11111
912 1599 996 1644 anno
1029 1581 1103 1662 365,
1136 1581 1217 1644 alter
1248 1600 1332 1644 anno
1365 1582 1474 1663 3681),

347 1685 411 1749 1166
427 1684 536 1768 plana:
554 1684 693 1748 dubitari
708 1704 774 1747 non
789 1691 903 1768 potest,
924 1687 1004 1767 quin
1020 1688 1125 1748 orator
1140 1687 1245 1747 terrae
1260 1688 1385 1746 motum
1402 1684 1474 1746 anni

348 1788 413 1851 368
437 1786 608 1870 significet.
642 1787 723 1850 Gum
747 1788 834 1852 enirn
858 1788 897 1852 de
920 1789 1026 1872 priore
1055 1786 1137 1850 nihil
1159 1786 1229 1850 iere
1252 1787 1406 1850 nuditum
1429 1787 1475 1868 sit,

347 1895 591 1955 terraemotum
612 1893 689 1954 anni
704 1893 770 1956 368
795 1893 1020 1976 gravissimum
1042 1890 1142 1955 fuisse
1159 1895 1286 1954 veteres
1305 1892 1475 1974 scriptores
1594 1885 1595 1892 '

347 1993 500 2076 referunt,
519 1997 556 2057 ut
571 1994 834 2078 Hieronymusq,
852 1995 909 2076 qui
925 1993 1021 2057 tradit
1036 1992 1075 2056 ad
1091 2013 1212 2056 annum
1232 1995 1313 2057 368:
1338 1993 1475 2075 ‘Nicaea
1594 1999 1595 2006 ’

348 2115 431 2179 quae
455 2116 550 2179 saepe
574 2101 646 2160 ante
671 2101 850 2178 conrueret,
874 2102 976 2160 terrae
999 2101 1089 2158 motu
1111 2095 1258 2160 funditus
1278 2115 1391 2160 eversa
1409 2097 1474 2161 est'.

349 2199 496 2276 Quacum
518 2219 554 2263 re
579 2201 738 2264 consentit
762 2200 855 2283 plane
879 2199 1061 2283 Gregorius,
1091 2200 1148 2280 qui
1171 2217 1219 2282 cp.
1238 2200 1278 2261 15
1304 2200 1476 2282 exponite

347 2308 452 2366 terrae
477 2307 567 2365 motu
590 2303 655 2384 illo,
680 2304 717 2367 bc
741 2305 780 2381 δὴ
806 2303 1026 2384 χαλεπώτατος
1048 2306 1113 2366 τῶν
1138 2303 1267 2365 πώποτε
1283 2321 1476 2380 μνημονευο-

349 2407 454 2483 μένων
485 2407 646 2481 γεγονὲναι
682 2408 813 2487 λέγεται,
846 2406 1010 2469 neminem
1039 2405 1106 2469 fere
1136 2410 1263 2489 praeter
1294 2405 1476 2469 Caesarium
1594 2423 1595 2440 *

347 2527 531 2591 paucosque
565 2509 643 2572 alios
678 2512 840 2572 servatum
871 2526 949 2571 6666.
994 2506 1125 2572 Constat
1157 2508 1255 2590 igitur
1285 2507 1476 2590 Gregorium

349 2608 389 2673 ad
412 2614 516 2674 terrae
540 2615 671 2692 motum,
698 2610 755 2692 qui
779 2609 830 2673 die
854 2609 895 2672 X.
915 2611 1035 2675 mensis
1059 2610 1198 2674 octobris
1221 2611 1298 2674 anni
1321 2611 1387 2674 368
1406 2610 1475 2692 fuit,
1594 2621 1595 2624 ’

350 2711 491 2776 alludere
517 2712 767 2795 Caesariumque
796 2716 868 2795 post
895 2712 982 2776 hunc
1011 2713 1186 2777 terminum
1213 2715 1377 2777 mortuum
1401 2731 1477 2776 6666.

439 2814 509 2878 Iam
528 2820 684 2896 quantum
702 2814 853 2896 temporis
872 2814 1011 2896 spatium
1029 2814 1114 2878 inter
1135 2819 1240 2878 terrae
1263 2818 1387 2877 motum
1403 2812 1478 2876 Gae-

350 2917 490 2999 sariique
511 2922 646 2981 mortem
663 2916 848 2998 intercedat,
864 2917 1095 3000 perquiramus
1126 2918 1235 2996 Atque
1252 2921 1357 2978 orator
1376 2921 1478 2980 terrae

350 3024 455 3082 motus
479 3018 565 3082 illius
584 3019 779 3082 mentionem
798 3017 876 3081 facit
891 3023 928 3081 ut
942 3019 1054 3098 πρώην
1073 3019 1312 3098 (υνενεχθέντοε
1333 3022 1393 3102 (cp.
1412 3019 1477 3099 15);

351 3120 510 3185 66111666
534 3121 647 3199 πρώην
671 3119 824 3183 hocloco
848 3120 980 3183 minime
1005 3125 1187 3184 accuratam
1205 3123 1358 3203 temporis
1382 3121 1479 3204 signi-

350 3224 537 3288 ficationem
567 3223 722 3305 praebere
752 3227 891 3306 apparet,
923 3244 997 3288 cum
1028 3224 1190 3288 calamitas
1220 3225 1274 3288 illa
1301 3229 1367 3288 tam
1396 3226 1479 3289 clara

350 3330 480 3409 tamque
500 3327 608 3409 gravis
631 3325 738 3408 tuerit,
762 3329 799 3388 ut
822 3330 928 3390 orator
950 3328 1046 3390 etiam
1064 3326 1174 3390 multis
1192 3327 1284 3390 annis
1303 3327 1479 3391 interiectis

351 3429 411 3492 hac
430 3447 509 3492 voce
529 3429 577 3490 uti
595 3431 711 3510 posset.
742 3427 857 3511 Neque
880 3426 914 3490 id
937 3427 978 3492 ad
996 3432 1122 3511 tempus
1142 3427 1369 3492 stabiliendum
1387 3429 1479 3510 valet,

352 3530 439 3613 quod
456 3532 491 3593 in
510 3530 650 3594 carmine
670 3529 710 3593 de
729 3531 796 3592 vita
814 3549 872 3593 sua
890 3529 1065 3612 Gregorius
1084 3532 1164 3596 dicit
1180 3533 1320 3618 tratrem,
1346 3553 1479 3599 munere

350 3632 490 3696 Nicaeae
506 3632 704 3716 fungentem,
721 3633 786 3696 vita
805 3632 979 3697 decessisse
995 3635 1041 3716 (ἐν
1057 3634 1139 3719 ἀρχῇ
1156 3639 1229 3722 μὲεῃ
1247 3640 1388 3721 θνῄεκει),
1407 3658 1480 3702 cum

352 3737 427 3800 11611
456 3737 565 3820 possit,
598 3741 635 3798 ut
667 3735 885 3828 compluribus
918 3737 1010 3800 annis
1041 3744 1114 3821 post
1148 3741 1361 3805 calamitatem
1394 3742 1480 3805 illam
1594 3783 1595 3788 κ

352 3841 491 3905 Nicaeae
515 3844 660 3902 versatus
684 3841 733 3902 sit.
764 3839 828 3904 Sed
859 3859 933 3904 oum
956 3845 1061 3904 orator
1083 3843 1118 3904 in
1142 3842 1320 3912 enarranda
1343 3843 1481 3909 Caesarii

351 3944 418 4007 1116
441 3946 585 4025 tempora
616 3947 771 4022 sequatur
799 3961 907 4024 neque
936 3942 1022 4007 inter
1049 3948 1154 4009 terrae
1183 3949 1306 4008 motum
1335 3945 1427 4009 illum
1451 3949 1482 4009 61

351 4045 459 4126 1161116
489 4046 657 4110 decessum
684 4048 763 4110 novi
789 4046 965 4128 quicquam
992 4047 1107 4111 aflerat
1129 4084 1172 4092 -
1195 4048 1292 4110 immo
1310 4049 1423 4131 iungit
1445 4069 1481 4110 u-

352 4152 504 4256 trumque
520 4147 626 4256 verbis
642 4150 784 4231 (cp.15):
810 4148 877 4212 τοῦ
895 4152 952 4228 μὲν
969 4153 1095 4228 (cruori
1108 4151 1254 4266 11ρε111ων
1271 4149 1404 4229 ἐγένετο,
1427 4156 1482 4229 τῆ(

353 4316 358 4324 1
446 4250 686 4358 118616161611.
707 4289 803 4344 Liban.
824 4290 908 4359 1ng.
920 4289 980 4344 223

443 4377 600 4447 ².)Euscb
611 4378 666 4431 vol
680 4378 755 4446 llpg.
772 4376 1480 4434 1978611(1161111661866116166111470.
