<?xml version="1.0" encoding="UTF-8"?>
<!DOCTYPE html PUBLIC "-//W3C//DTD XHTML 1.0 Transitional//EN"
    "http://www.w3.org/TR/xhtml1/DTD/xhtml1-transitional.dtd">
<html xmlns="http://www.w3.org/1999/xhtml" xml:lang="en" lang="en">
 <head>
  <title>
</title>
<meta http-equiv="Content-Type" content="text/html;charset=utf-8" />
  <meta name='ocr-system' content='tesseract 3.04.00' />
  <meta name='ocr-capabilities' content='ocr_page ocr_carea ocr_par ocr_line ocrx_word'/>
</head>
<body>
  <div class='ocr_page' id='page_1' title='image "./dissertationesp01unkngoog_0056.png"; bbox 0 0 3228 5268; ppageno 0'>
   <div class='ocr_carea' id='block_1_1' title="bbox 326 424 1270 494">
    <p class='ocr_par' dir='ltr' id='par_1_1' title="bbox 326 424 1270 494">
     <span class='ocr_line' id='line_1_1' title="bbox 326 424 1270 494; baseline 0.011 -16"><span class='ocrx_word' id='word_1_1' title='bbox 326 425 366 479; x_wconf 89' lang='lat' dir='ltr'>De</span> <span class='ocrx_word' id='word_1_2' title='bbox 385 424 511 494; x_wconf 81' lang='lat' dir='ltr'>Gregorii</span> <span class='ocrx_word' id='word_1_3' title='bbox 528 425 701 480; x_wconf 85' lang='lat' dir='ltr'>Nazianzeni</span> <span class='ocrx_word' id='word_1_4' title='bbox 720 425 895 481; x_wconf 86' lang='lat' dir='ltr'>orationibus</span> <span class='ocrx_word' id='word_1_5' title='bbox 913 425 1087 485; x_wconf 83' lang='lat' dir='ltr'><strong>funebribus.</strong></span> <span class='ocrx_word' id='word_1_6' title='bbox 1227 427 1270 488; x_wconf 88' lang='grc'>35</span> 
     </span>
    </p>
   </div>
   <div class='ocr_carea' id='block_1_2' title="bbox 8 595 1271 788">
    <p class='ocr_par' dir='ltr' id='par_1_2' title="bbox 8 595 1271 788">
     <span class='ocr_line' id='line_1_2' title="bbox 8 595 1271 684; baseline 0.006 -25"><span class='ocrx_word' id='word_1_7' title='bbox 8 629 10 652; x_wconf 68' lang='grc' dir='ltr'>ι</span> <span class='ocrx_word' id='word_1_8' title='bbox 128 599 169 660; x_wconf 77' lang='grc' dir='ltr'>δὲ</span> <span class='ocrx_word' id='word_1_9' title='bbox 191 595 294 661; x_wconf 79' lang='grc' dir='ltr'>νόεου</span> <span class='ocrx_word' id='word_1_10' title='bbox 313 595 403 661; x_wconf 85' lang='grc' dir='ltr'>δὀὐκ</span> <span class='ocrx_word' id='word_1_11' title='bbox 426 597 497 660; x_wconf 69' lang='lat' dir='ltr'>art’</span> <span class='ocrx_word' id='word_1_12' title='bbox 520 597 824 661; x_wconf 79' lang='lat' dir='ltr'>-tbrevissimum</span> <span class='ocrx_word' id='word_1_13' title='bbox 847 599 999 680; x_wconf 90' lang='lat' dir='ltr'>temporis</span> <span class='ocrx_word' id='word_1_14' title='bbox 1023 601 1160 684; x_wconf 88' lang='lat' dir='ltr'>spatium</span> <span class='ocrx_word' id='word_1_15' title='bbox 1183 603 1271 668; x_wconf 90' lang='lat' dir='ltr'>inter</span> 
     </span>
     <span class='ocr_line' id='line_1_3' title="bbox 8 699 1269 788; baseline 0.006 -25"><span class='ocrx_word' id='word_1_16' title='bbox 8 705 9 788; x_wconf 71' lang='lat' dir='ltr'><strong>j</strong></span> <span class='ocrx_word' id='word_1_17' title='bbox 128 719 225 764; x_wconf 88' lang='lat' dir='ltr'>casus</span> <span class='ocrx_word' id='word_1_18' title='bbox 249 701 332 764; x_wconf 90' lang='lat' dir='ltr'>istos</span> <span class='ocrx_word' id='word_1_19' title='bbox 356 699 436 764; x_wconf 91' lang='lat' dir='ltr'>duos</span> <span class='ocrx_word' id='word_1_20' title='bbox 459 701 657 766; x_wconf 68' lang='lat' dir='ltr'>intercedere</span> <span class='ocrx_word' id='word_1_21' title='bbox 675 701 848 766; x_wconf 84' lang='lat' dir='ltr'>verisimile</span> <span class='ocrx_word' id='word_1_22' title='bbox 867 706 923 766; x_wconf 85' lang='lat' dir='ltr'>est</span> <span class='ocrx_word' id='word_1_23' title='bbox 950 701 1136 768; x_wconf 81' lang='lat' dir='ltr'>Caesarium</span> <span class='ocrx_word' id='word_1_24' title='bbox 1153 725 1269 771; x_wconf 84' lang='lat' dir='ltr'>revera</span> 
     </span>
    </p>
   </div>
   <div class='ocr_carea' id='block_1_3' title="bbox 129 803 1269 889">
    <p class='ocr_par' dir='ltr' id='par_1_3' title="bbox 129 803 1269 889">
     <span class='ocr_line' id='line_1_4' title="bbox 129 803 1269 889; baseline 0.006 -23"><span class='ocrx_word' id='word_1_25' title='bbox 129 808 237 868; x_wconf 89' lang='lat' dir='ltr'>terrae</span> <span class='ocrx_word' id='word_1_26' title='bbox 249 807 345 867; x_wconf 90' lang='lat' dir='ltr'>motu</span> <span class='ocrx_word' id='word_1_27' title='bbox 355 804 425 888; x_wconf 91' lang='lat' dir='ltr'>ipsc</span> <span class='ocrx_word' id='word_1_28' title='bbox 437 824 501 868; x_wconf 92' lang='lat' dir='ltr'>non</span> <span class='ocrx_word' id='word_1_29' title='bbox 513 805 635 889; x_wconf 91' lang='lat' dir='ltr'>perisse</span> <span class='ocrx_word' id='word_1_30' title='bbox 646 803 721 869; x_wconf 90' lang='lat' dir='ltr'>inde</span> <span class='ocrx_word' id='word_1_31' title='bbox 734 824 864 886; x_wconf 91' lang='lat' dir='ltr'>quoque</span> <span class='ocrx_word' id='word_1_32' title='bbox 872 811 1010 888; x_wconf 84' lang='lat' dir='ltr'>apparet,</span> <span class='ocrx_word' id='word_1_33' title='bbox 1029 806 1114 889; x_wconf 91' lang='lat' dir='ltr'>quod</span> <span class='ocrx_word' id='word_1_34' title='bbox 1127 814 1158 872; x_wconf 88' lang='lat' dir='ltr'>et</span> <span class='ocrx_word' id='word_1_35' title='bbox 1168 808 1269 873; x_wconf 85' lang='lat' dir='ltr'>irater</span> 
     </span>
    </p>
   </div>
   <div class='ocr_carea' id='block_1_4' title="bbox 8 905 1267 995">
    <p class='ocr_par' dir='ltr' id='par_1_4' title="bbox 8 905 1267 995">
     <span class='ocr_line' id='line_1_5' title="bbox 8 905 1267 995; baseline 0.002 -24"><span class='ocrx_word' id='word_1_36' title='bbox 8 941 9 950; x_wconf 38' lang='grc' dir='ltr'>ι</span> <span class='ocrx_word' id='word_1_37' title='bbox 127 905 201 970; x_wconf 87' lang='lat' dir='ltr'>eius</span> <span class='ocrx_word' id='word_1_38' title='bbox 227 905 410 988; x_wconf 85' lang='lat' dir='ltr'>Gregorius</span> <span class='ocrx_word' id='word_1_39' title='bbox 420 907 441 987; x_wconf 84' lang='lat'>²)</span> <span class='ocrx_word' id='word_1_40' title='bbox 465 910 496 969; x_wconf 94' lang='lat' dir='ltr'>et</span> <span class='ocrx_word' id='word_1_41' title='bbox 518 907 642 971; x_wconf 89' lang='lat' dir='ltr'>amicus</span> <span class='ocrx_word' id='word_1_42' title='bbox 660 907 834 988; x_wconf 64' lang='lat' dir='ltr'>Basiliust)</span> <span class='ocrx_word' id='word_1_43' title='bbox 856 906 979 971; x_wconf 84' lang='lat' dir='ltr'>litteras</span> <span class='ocrx_word' id='word_1_44' title='bbox 1003 907 1043 972; x_wconf 90' lang='lat' dir='ltr'>ad</span> <span class='ocrx_word' id='word_1_45' title='bbox 1067 928 1140 973; x_wconf 91' lang='lat' dir='ltr'>eum</span> <span class='ocrx_word' id='word_1_46' title='bbox 1165 913 1267 995; x_wconf 86' lang='lat' dir='ltr'>scrip-</span> 
     </span>
    </p>
   </div>
   <div class='ocr_carea' id='block_1_5' title="bbox 124 1007 1265 1509">
    <p class='ocr_par' dir='ltr' id='par_1_5' title="bbox 124 1007 1265 1402">
     <span class='ocr_line' id='line_1_6' title="bbox 124 1007 1265 1097; baseline 0.005 -25"><span class='ocrx_word' id='word_1_47' title='bbox 124 1011 252 1090; x_wconf 82' lang='lat' dir='ltr'>serunt,</span> <span class='ocrx_word' id='word_1_48' title='bbox 279 1007 400 1088; x_wconf 90' lang='lat' dir='ltr'>quibus</span> <span class='ocrx_word' id='word_1_49' title='bbox 416 1026 489 1071; x_wconf 90' lang='lat' dir='ltr'>eum</span> <span class='ocrx_word' id='word_1_50' title='bbox 505 1007 711 1073; x_wconf 87' lang='lat' dir='ltr'>admonentes</span> <span class='ocrx_word' id='word_1_51' title='bbox 729 1008 769 1074; x_wconf 90' lang='lat' dir='ltr'>de</span> <span class='ocrx_word' id='word_1_52' title='bbox 785 1009 964 1074; x_wconf 68' lang='lat' dir='ltr'>calamitate</span> <span class='ocrx_word' id='word_1_53' title='bbox 980 1017 1072 1075; x_wconf 90' lang='lat' dir='ltr'>orant</span> <span class='ocrx_word' id='word_1_54' title='bbox 1087 1033 1124 1076; x_wconf 91' lang='lat' dir='ltr'>ac</span> <span class='ocrx_word' id='word_1_55' title='bbox 1141 1020 1265 1097; x_wconf 86' lang='lat' dir='ltr'>rogant,</span> 
     </span>
     <span class='ocr_line' id='line_1_7' title="bbox 127 1110 1264 1198; baseline 0.008 -25"><span class='ocrx_word' id='word_1_56' title='bbox 127 1116 165 1173; x_wconf 93' lang='lat' dir='ltr'>ut</span> <span class='ocrx_word' id='word_1_57' title='bbox 189 1110 352 1174; x_wconf 89' lang='lat' dir='ltr'>ecclesiae</span> <span class='ocrx_word' id='word_1_58' title='bbox 369 1110 566 1176; x_wconf 83' lang='lat' dir='ltr'>Christianae</span> <span class='ocrx_word' id='word_1_59' title='bbox 589 1131 624 1175; x_wconf 90' lang='lat' dir='ltr'>se</span> <span class='ocrx_word' id='word_1_60' title='bbox 647 1112 847 1176; x_wconf 82' lang='lat' dir='ltr'>adscisceret.</span> <span class='ocrx_word' id='word_1_61' title='bbox 882 1112 1046 1178; x_wconf 82' lang='lat' dir='ltr'>Contendo</span> <span class='ocrx_word' id='word_1_62' title='bbox 1070 1115 1171 1198; x_wconf 88' lang='lat' dir='ltr'>igitur</span> <span class='ocrx_word' id='word_1_63' title='bbox 1186 1117 1264 1182; x_wconf 84' lang='lat' dir='ltr'>Gae-</span> 
     </span>
     <span class='ocr_line' id='line_1_8' title="bbox 124 1212 1264 1298; baseline 0.007 -22"><span class='ocrx_word' id='word_1_64' title='bbox 124 1215 252 1276; x_wconf 89' lang='lat' dir='ltr'>sarium</span> <span class='ocrx_word' id='word_1_65' title='bbox 271 1212 370 1297; x_wconf 90' lang='lat' dir='ltr'>paulo</span> <span class='ocrx_word' id='word_1_66' title='bbox 389 1219 462 1297; x_wconf 87' lang='lat' dir='ltr'>post</span> <span class='ocrx_word' id='word_1_67' title='bbox 480 1215 565 1280; x_wconf 91' lang='lat' dir='ltr'>diem</span> <span class='ocrx_word' id='word_1_68' title='bbox 583 1214 625 1278; x_wconf 89' lang='lat' dir='ltr'>X.</span> <span class='ocrx_word' id='word_1_69' title='bbox 646 1216 765 1280; x_wconf 88' lang='lat' dir='ltr'>mensis</span> <span class='ocrx_word' id='word_1_70' title='bbox 789 1215 927 1279; x_wconf 85' lang='lat' dir='ltr'>octobris</span> <span class='ocrx_word' id='word_1_71' title='bbox 951 1236 977 1279; x_wconf 89' lang='lat' dir='ltr'>a.</span> <span class='ocrx_word' id='word_1_72' title='bbox 998 1218 1072 1298; x_wconf 87' lang='lat'>368,</span> <span class='ocrx_word' id='word_1_73' title='bbox 1096 1219 1116 1282; x_wconf 91' lang='lat' dir='ltr'>i.</span> <span class='ocrx_word' id='word_1_74' title='bbox 1136 1237 1161 1282; x_wconf 91' lang='lat' dir='ltr'>e.</span> <span class='ocrx_word' id='word_1_75' title='bbox 1186 1239 1264 1285; x_wconf 83' lang='lat' dir='ltr'>exe-</span> 
     </span>
     <span class='ocr_line' id='line_1_9' title="bbox 124 1317 1135 1402; baseline 0.007 -22"><span class='ocrx_word' id='word_1_76' title='bbox 124 1321 206 1381; x_wconf 91' lang='lat' dir='ltr'>unte</span> <span class='ocrx_word' id='word_1_77' title='bbox 229 1336 318 1380; x_wconf 91' lang='lat' dir='ltr'>annc</span> <span class='ocrx_word' id='word_1_78' title='bbox 344 1317 409 1380; x_wconf 87' lang='lat'>368</span> <span class='ocrx_word' id='word_1_79' title='bbox 432 1317 484 1382; x_wconf 86' lang='lat' dir='ltr'>vel</span> <span class='ocrx_word' id='word_1_80' title='bbox 507 1319 640 1384; x_wconf 90' lang='lat' dir='ltr'>ineunte</span> <span class='ocrx_word' id='word_1_81' title='bbox 664 1339 748 1383; x_wconf 91' lang='lat' dir='ltr'>anno</span> <span class='ocrx_word' id='word_1_82' title='bbox 774 1321 847 1402; x_wconf 84' lang='lat'>369,</span> <span class='ocrx_word' id='word_1_83' title='bbox 871 1324 1033 1384; x_wconf 89' lang='lat' dir='ltr'>mortuum</span> <span class='ocrx_word' id='word_1_84' title='bbox 1058 1341 1135 1387; x_wconf 89' lang='lat' dir='ltr'>csse.</span> 
     </span>
    </p>

    <p class='ocr_par' dir='ltr' id='par_1_6' title="bbox 218 1419 1262 1509">
     <span class='ocr_line' id='line_1_10' title="bbox 218 1419 1262 1509; baseline 0.009 -27"><span class='ocrx_word' id='word_1_85' title='bbox 218 1419 290 1483; x_wconf 91' lang='lat' dir='ltr'>Iam</span> <span class='ocrx_word' id='word_1_86' title='bbox 322 1421 358 1482; x_wconf 91' lang='lat' dir='ltr'>in</span> <span class='ocrx_word' id='word_1_87' title='bbox 396 1439 433 1484; x_wconf 91' lang='lat' dir='ltr'>ec</span> <span class='ocrx_word' id='word_1_88' title='bbox 464 1425 523 1503; x_wconf 87' lang='lat' dir='ltr'>est,</span> <span class='ocrx_word' id='word_1_89' title='bbox 553 1426 590 1484; x_wconf 92' lang='lat' dir='ltr'>ut</span> <span class='ocrx_word' id='word_1_90' title='bbox 626 1442 829 1504; x_wconf 82' lang='lat' dir='ltr'>quaeramus,</span> <span class='ocrx_word' id='word_1_91' title='bbox 868 1442 932 1504; x_wconf 92' lang='lat' dir='ltr'>quo</span> <span class='ocrx_word' id='word_1_92' title='bbox 962 1428 1105 1507; x_wconf 88' lang='lat' dir='ltr'>tempore</span> <span class='ocrx_word' id='word_1_93' title='bbox 1136 1431 1168 1490; x_wconf 91' lang='lat' dir='ltr'>et</span> <span class='ocrx_word' id='word_1_94' title='bbox 1198 1446 1262 1509; x_wconf 92' lang='lat' dir='ltr'>quo</span> 
     </span>
    </p>
   </div>
   <div class='ocr_carea' id='block_1_6' title="bbox 8 1521 1261 1612">
    <p class='ocr_par' dir='ltr' id='par_1_7' title="bbox 8 1521 1261 1612">
     <span class='ocr_line' id='line_1_11' title="bbox 8 1521 1261 1612; baseline 0.009 -29"><span class='ocrx_word' id='word_1_95' title='bbox 8 1557 9 1560; x_wconf 61' lang='lat'><em>=</em></span> <span class='ocrx_word' id='word_1_96' title='bbox 121 1522 198 1586; x_wconf 90' lang='lat' dir='ltr'>loco</span> <span class='ocrx_word' id='word_1_97' title='bbox 223 1522 329 1584; x_wconf 85' lang='lat' dir='ltr'>oratic</span> <span class='ocrx_word' id='word_1_98' title='bbox 360 1521 468 1586; x_wconf 91' lang='lat' dir='ltr'>habita</span> <span class='ocrx_word' id='word_1_99' title='bbox 497 1524 546 1587; x_wconf 91' lang='lat' dir='ltr'>sit.</span> <span class='ocrx_word' id='word_1_100' title='bbox 577 1524 684 1607; x_wconf 86' lang='lat' dir='ltr'>Atque</span> <span class='ocrx_word' id='word_1_101' title='bbox 714 1525 887 1590; x_wconf 90' lang='lat' dir='ltr'>dicendum</span> <span class='ocrx_word' id='word_1_102' title='bbox 919 1531 968 1589; x_wconf 92' lang='lat' dir='ltr'>est</span> <span class='ocrx_word' id='word_1_103' title='bbox 991 1527 1168 1592; x_wconf 89' lang='lat' dir='ltr'>oraticnem</span> <span class='ocrx_word' id='word_1_104' title='bbox 1191 1529 1261 1612; x_wconf 90' lang='lat' dir='ltr'>ipso</span> 
     </span>
    </p>
   </div>
   <div class='ocr_carea' id='block_1_7' title="bbox 120 1623 1262 1922">
    <p class='ocr_par' dir='ltr' id='par_1_8' title="bbox 120 1623 1262 1922">
     <span class='ocr_line' id='line_1_12' title="bbox 121 1623 1262 1715; baseline 0.009 -28"><span class='ocrx_word' id='word_1_105' title='bbox 121 1624 176 1689; x_wconf 91' lang='lat' dir='ltr'>die</span> <span class='ocrx_word' id='word_1_106' title='bbox 193 1623 334 1706; x_wconf 84' lang='lat' dir='ltr'>funeris,</span> <span class='ocrx_word' id='word_1_107' title='bbox 354 1630 524 1707; x_wconf 88' lang='lat' dir='ltr'>postquam</span> <span class='ocrx_word' id='word_1_108' title='bbox 539 1646 655 1711; x_wconf 90' lang='lat' dir='ltr'>pompa</span> <span class='ocrx_word' id='word_1_109' title='bbox 669 1626 710 1691; x_wconf 89' lang='lat' dir='ltr'>ad</span> <span class='ocrx_word' id='word_1_110' title='bbox 725 1628 910 1712; x_wconf 91' lang='lat' dir='ltr'>sepulcrum</span> <span class='ocrx_word' id='word_1_111' title='bbox 926 1631 1076 1712; x_wconf 86' lang='lat' dir='ltr'>constitit,</span> <span class='ocrx_word' id='word_1_112' title='bbox 1096 1629 1136 1693; x_wconf 91' lang='lat' dir='ltr'>ad</span> <span class='ocrx_word' id='word_1_113' title='bbox 1154 1633 1262 1715; x_wconf 91' lang='lat' dir='ltr'>sepul·</span> 
     </span>
     <span class='ocr_line' id='line_1_13' title="bbox 123 1727 1260 1817; baseline 0.005 -26"><span class='ocrx_word' id='word_1_114' title='bbox 123 1748 217 1792; x_wconf 89' lang='lat' dir='ltr'>crum</span> <span class='ocrx_word' id='word_1_115' title='bbox 242 1728 354 1810; x_wconf 89' lang='lat' dir='ltr'>ipsum</span> <span class='ocrx_word' id='word_1_116' title='bbox 382 1727 500 1792; x_wconf 90' lang='lat' dir='ltr'>dictam</span> <span class='ocrx_word' id='word_1_117' title='bbox 531 1747 600 1793; x_wconf 89' lang='lat' dir='ltr'>esse</span> <span class='ocrx_word' id='word_1_118' title='bbox 623 1728 721 1810; x_wconf 92' lang='lat' dir='ltr'>idque</span> <span class='ocrx_word' id='word_1_119' title='bbox 754 1729 893 1812; x_wconf 81' lang='lat' dir='ltr'>Arianzi,</span> <span class='ocrx_word' id='word_1_120' title='bbox 928 1730 964 1792; x_wconf 90' lang='lat' dir='ltr'>in</span> <span class='ocrx_word' id='word_1_121' title='bbox 986 1733 1089 1814; x_wconf 89' lang='lat' dir='ltr'>patria</span> <span class='ocrx_word' id='word_1_122' title='bbox 1112 1732 1260 1817; x_wconf 82' lang='lat' dir='ltr'>Caesarii,</span> 
     </span>
     <span class='ocr_line' id='line_1_14' title="bbox 120 1831 1259 1922; baseline 0.008 -29"><span class='ocrx_word' id='word_1_123' title='bbox 120 1831 155 1893; x_wconf 92' lang='lat' dir='ltr'>in</span> <span class='ocrx_word' id='word_1_124' title='bbox 181 1851 285 1913; x_wconf 91' lang='lat' dir='ltr'>quam</span> <span class='ocrx_word' id='word_1_125' title='bbox 314 1831 387 1894; x_wconf 89' lang='lat' dir='ltr'>eius</span> <span class='ocrx_word' id='word_1_126' title='bbox 411 1849 481 1894; x_wconf 89' lang='lat' dir='ltr'>ossa</span> <span class='ocrx_word' id='word_1_127' title='bbox 503 1849 546 1896; x_wconf 84' lang='lat' dir='ltr'>ex</span> <span class='ocrx_word' id='word_1_128' title='bbox 568 1832 721 1914; x_wconf 84' lang='lat' dir='ltr'>Bithynia</span> <span class='ocrx_word' id='word_1_129' title='bbox 750 1832 854 1896; x_wconf 89' lang='lat' dir='ltr'>delata</span> <span class='ocrx_word' id='word_1_130' title='bbox 876 1837 992 1917; x_wconf 67' lang='lat' dir='ltr'>suntss).</span> <span class='ocrx_word' id='word_1_131' title='bbox 1029 1835 1121 1912; x_wconf 84' lang='lat' dir='ltr'>Quod</span> <span class='ocrx_word' id='word_1_132' title='bbox 1145 1837 1259 1922; x_wconf 88' lang='lat' dir='ltr'>colligo</span> 
     </span>
    </p>
   </div>
   <div class='ocr_carea' id='block_1_8' title="bbox 8 1931 1259 2019">
    <p class='ocr_par' dir='ltr' id='par_1_9' title="bbox 8 1931 1259 2019">
     <span class='ocr_line' id='line_1_15' title="bbox 8 1931 1259 2019; baseline 0.01 -26"><span class='ocrx_word' id='word_1_133' title='bbox 8 1995 9 2000; x_wconf 66' lang='grc'>,</span> <span class='ocrx_word' id='word_1_134' title='bbox 120 1934 267 2015; x_wconf 90' lang='lat' dir='ltr'>primum</span> <span class='ocrx_word' id='word_1_135' title='bbox 299 1950 317 1996; x_wconf 91' lang='lat' dir='ltr'>e</span> <span class='ocrx_word' id='word_1_136' title='bbox 348 1951 465 2015; x_wconf 90' lang='lat' dir='ltr'>pompa</span> <span class='ocrx_word' id='word_1_137' title='bbox 493 1931 624 1997; x_wconf 84' lang='lat' dir='ltr'>funebri</span> <span class='ocrx_word' id='word_1_138' title='bbox 654 1941 913 2018; x_wconf 86' lang='lat' dir='ltr'>commemorata,</span> <span class='ocrx_word' id='word_1_139' title='bbox 945 1957 1042 2019; x_wconf 87' lang='lat' dir='ltr'>quarn</span> <span class='ocrx_word' id='word_1_140' title='bbox 1073 1940 1122 2002; x_wconf 89' lang='lat' dir='ltr'>his</span> <span class='ocrx_word' id='word_1_141' title='bbox 1152 1940 1259 2005; x_wconf 88' lang='lat' dir='ltr'>verbis</span> 
     </span>
    </p>
   </div>
   <div class='ocr_carea' id='block_1_9' title="bbox 118 2034 1259 2530">
    <p class='ocr_par' dir='ltr' id='par_1_10' title="bbox 118 2034 1259 2530">
     <span class='ocr_line' id='line_1_16' title="bbox 120 2034 1259 2120; baseline 0.009 -23"><span class='ocrx_word' id='word_1_142' title='bbox 120 2034 281 2099; x_wconf 89' lang='lat' dir='ltr'>describit</span> <span class='ocrx_word' id='word_1_143' title='bbox 315 2038 421 2097; x_wconf 88' lang='lat' dir='ltr'>orator</span> <span class='ocrx_word' id='word_1_144' title='bbox 451 2036 512 2118; x_wconf 91' lang='lat' dir='ltr'>(cp.</span> <span class='ocrx_word' id='word_1_145' title='bbox 531 2036 599 2120; x_wconf 71' lang='lat' dir='ltr'>lbl:</span> <span class='ocrx_word' id='word_1_146' title='bbox 633 2039 692 2100; x_wconf 82' lang='lat' dir='ltr'>‘acl</span> <span class='ocrx_word' id='word_1_147' title='bbox 724 2039 784 2100; x_wconf 87' lang='grc' dir='ltr'>νῦν</span> <span class='ocrx_word' id='word_1_148' title='bbox 816 2038 887 2116; x_wconf 87' lang='grc' dir='ltr'>ἡμῖν</span> <span class='ocrx_word' id='word_1_149' title='bbox 917 2039 935 2102; x_wconf 89' lang='grc' dir='ltr'>ὁ</span> <span class='ocrx_word' id='word_1_150' title='bbox 968 2042 1066 2104; x_wconf 74' lang='grc' dir='ltr'>πολὺ(</span> <span class='ocrx_word' id='word_1_151' title='bbox 1098 2041 1259 2120; x_wconf 78' lang='grc' dir='ltr'>Καιεάριοε</span> 
     </span>
     <span class='ocr_line' id='line_1_17' title="bbox 119 2136 1259 2224; baseline 0.009 -24"><span class='ocrx_word' id='word_1_152' title='bbox 119 2136 352 2218; x_wconf 80' lang='grc' dir='ltr'>ἀποεὲεωεται,</span> <span class='ocrx_word' id='word_1_153' title='bbox 387 2137 472 2201; x_wconf 85' lang='grc' dir='ltr'>κόνιε</span> <span class='ocrx_word' id='word_1_154' title='bbox 506 2139 599 2220; x_wconf 82' lang='grc' dir='ltr'>τιμία,</span> <span class='ocrx_word' id='word_1_155' title='bbox 634 2138 746 2216; x_wconf 83' lang='grc' dir='ltr'>νεκρὸε</span> <span class='ocrx_word' id='word_1_156' title='bbox 781 2138 1020 2224; x_wconf 76' lang='grc' dir='ltr'>ἐπαινούμενοι,</span> <span class='ocrx_word' id='word_1_157' title='bbox 1056 2141 1189 2219; x_wconf 79' lang='grc' dir='ltr'>όμνοιε</span> <span class='ocrx_word' id='word_1_158' title='bbox 1222 2145 1259 2212; x_wconf 85' lang='grc' dir='ltr'>ἐξ</span> 
     </span>
     <span class='ocr_line' id='line_1_18' title="bbox 119 2237 1257 2322; baseline 0.005 -20"><span class='ocrx_word' id='word_1_159' title='bbox 119 2237 253 2317; x_wconf 83' lang='grc' dir='ltr'>όμνων</span> <span class='ocrx_word' id='word_1_160' title='bbox 278 2239 642 2321; x_wconf 69' lang='grc' dir='ltr'>παραπεμπόμενος,</span> <span class='ocrx_word' id='word_1_161' title='bbox 668 2241 881 2319; x_wconf 82' lang='grc' dir='ltr'>μαρτυρίων</span> <span class='ocrx_word' id='word_1_162' title='bbox 906 2244 1039 2322; x_wconf 82' lang='grc' dir='ltr'>βήμαιι</span> <span class='ocrx_word' id='word_1_163' title='bbox 1066 2246 1257 2322; x_wconf 87' lang='grc' dir='ltr'>πομπευό-</span> 
     </span>
     <span class='ocr_line' id='line_1_19' title="bbox 118 2339 1256 2429; baseline 0.008 -24"><span class='ocrx_word' id='word_1_164' title='bbox 118 2361 235 2418; x_wconf 86' lang='grc' dir='ltr'>μενοε</span> <span class='ocrx_word' id='word_1_165' title='bbox 260 2341 294 2424; x_wconf 89' lang='lat' dir='ltr'>(i.</span> <span class='ocrx_word' id='word_1_166' title='bbox 309 2360 336 2404; x_wconf 90' lang='lat' dir='ltr'>e.</span> <span class='ocrx_word' id='word_1_167' title='bbox 357 2339 397 2403; x_wconf 93' lang='lat' dir='ltr'>ad</span> <span class='ocrx_word' id='word_1_168' title='bbox 419 2346 565 2406; x_wconf 88' lang='lat' dir='ltr'>sanctum</span> <span class='ocrx_word' id='word_1_169' title='bbox 583 2342 675 2405; x_wconf 91' lang='lat' dir='ltr'>illum</span> <span class='ocrx_word' id='word_1_170' title='bbox 698 2342 814 2422; x_wconf 89' lang='lat' dir='ltr'>locum,</span> <span class='ocrx_word' id='word_1_171' title='bbox 839 2343 895 2408; x_wconf 94' lang='lat' dir='ltr'>ubi</span> <span class='ocrx_word' id='word_1_172' title='bbox 912 2351 1069 2427; x_wconf 85' lang='lat' dir='ltr'>martyres</span> <span class='ocrx_word' id='word_1_173' title='bbox 1092 2348 1205 2429; x_wconf 87' lang='lat' dir='ltr'>iacent,</span> <span class='ocrx_word' id='word_1_174' title='bbox 1225 2353 1256 2414; x_wconf 89' lang='lat' dir='ltr'>te</span> 
     </span>
     <span class='ocr_line' id='line_1_20' title="bbox 118 2445 1257 2530; baseline 0.01 -26"><span class='ocrx_word' id='word_1_175' title='bbox 118 2445 287 2526; x_wconf 89' lang='lat' dir='ltr'>prosecuti</span> <span class='ocrx_word' id='word_1_176' title='bbox 324 2445 461 2527; x_wconf 88' lang='lat' dir='ltr'>sumus),</span> <span class='ocrx_word' id='word_1_177' title='bbox 495 2446 618 2520; x_wconf 80' lang='grc' dir='ltr'>γονέων</span> <span class='ocrx_word' id='word_1_178' title='bbox 653 2447 755 2526; x_wconf 79' lang='grc' dir='ltr'>χερεὶν</span> <span class='ocrx_word' id='word_1_179' title='bbox 791 2446 886 2512; x_wconf 74' lang='lat' dir='ltr'>brier(</span> <span class='ocrx_word' id='word_1_180' title='bbox 915 2449 1103 2530; x_wconf 80' lang='grc' dir='ltr'>πμώμενοε,</span> <span class='ocrx_word' id='word_1_181' title='bbox 1139 2451 1257 2529; x_wconf 69' lang='grc' dir='ltr'>μητρὸς</span> 
     </span>
    </p>
   </div>
   <div class='ocr_carea' id='block_1_10' title="bbox 8 2539 1255 2736">
    <p class='ocr_par' dir='ltr' id='par_1_11' title="bbox 8 2539 1255 2736">
     <span class='ocr_line' id='line_1_21' title="bbox 8 2539 1255 2630; baseline 0.006 -22"><span class='ocrx_word' id='word_1_182' title='bbox 8 2539 9 2564; x_wconf 62' lang='lat'>³</span> <span class='ocrx_word' id='word_1_183' title='bbox 116 2547 362 2630; x_wconf 84' lang='grc' dir='ltr'>λαμπροφορίᾳ,</span> <span class='ocrx_word' id='word_1_184' title='bbox 377 2553 422 2629; x_wconf 83' lang='grc' dir='ltr'>τῷ</span> <span class='ocrx_word' id='word_1_185' title='bbox 438 2547 529 2612; x_wconf 87' lang='grc' dir='ltr'>πάθει</span> <span class='ocrx_word' id='word_1_186' title='bbox 544 2550 601 2625; x_wconf 89' lang='grc' dir='ltr'>τήν</span> <span class='ocrx_word' id='word_1_187' title='bbox 618 2548 772 2628; x_wconf 79' lang='grc' dir='ltr'>εὐεὲβειαν</span> <span class='ocrx_word' id='word_1_188' title='bbox 788 2547 1023 2628; x_wconf 79' lang='grc' dir='ltr'>ἀντειεαγούεηε</span> <span class='ocrx_word' id='word_1_189' title='bbox 1039 2554 1111 2616; x_wconf 71' lang='lat' dir='ltr'>arb?</span> <span class='ocrx_word' id='word_1_190' title='bbox 1135 2550 1255 2629; x_wconf 81' lang='lat' dir='ltr'>Quam-</span> 
     </span>
     <span class='ocr_line' id='line_1_22' title="bbox 8 2639 1254 2736; baseline 0.009 -26"><span class='ocrx_word' id='word_1_191' title='bbox 8 2639 9 2642; x_wconf 49' lang='lat'>&#39;</span> <span class='ocrx_word' id='word_1_192' title='bbox 118 2667 216 2730; x_wconf 89' lang='lat' dir='ltr'>quam</span> <span class='ocrx_word' id='word_1_193' title='bbox 240 2666 296 2711; x_wconf 92' lang='lat' dir='ltr'>me</span> <span class='ocrx_word' id='word_1_194' title='bbox 321 2666 388 2710; x_wconf 92' lang='lat' dir='ltr'>non</span> <span class='ocrx_word' id='word_1_195' title='bbox 410 2646 494 2730; x_wconf 83' lang='lat' dir='ltr'>fugit</span> <span class='ocrx_word' id='word_1_196' title='bbox 517 2649 612 2712; x_wconf 91' lang='lat' dir='ltr'>etiam</span> <span class='ocrx_word' id='word_1_197' title='bbox 634 2650 669 2712; x_wconf 92' lang='lat' dir='ltr'>in</span> <span class='ocrx_word' id='word_1_198' title='bbox 693 2649 763 2712; x_wconf 89' lang='lat' dir='ltr'>aliis</span> <span class='ocrx_word' id='word_1_199' title='bbox 787 2652 990 2736; x_wconf 71' lang='lat' dir='ltr'>orationibus</span> <span class='ocrx_word' id='word_1_200' title='bbox 1016 2673 1098 2736; x_wconf 90' lang='lat' dir='ltr'>quae</span> <span class='ocrx_word' id='word_1_201' title='bbox 1117 2674 1182 2718; x_wconf 89' lang='lat' dir='ltr'>non</span> <span class='ocrx_word' id='word_1_202' title='bbox 1201 2655 1254 2721; x_wconf 91' lang='lat' dir='ltr'>die</span> 
     </span>
    </p>
   </div>
   <div class='ocr_carea' id='block_1_11' title="bbox 110 2747 1254 3661">
    <p class='ocr_par' dir='ltr' id='par_1_12' title="bbox 110 2747 1254 3661">
     <span class='ocr_line' id='line_1_23' title="bbox 116 2747 1254 2839; baseline 0.008 -27"><span class='ocrx_word' id='word_1_203' title='bbox 116 2748 242 2814; x_wconf 79' lang='lat' dir='ltr'>funeris</span> <span class='ocrx_word' id='word_1_204' title='bbox 262 2749 346 2833; x_wconf 89' lang='lat' dir='ltr'>ipsc,</span> <span class='ocrx_word' id='word_1_205' title='bbox 371 2747 428 2812; x_wconf 89' lang='lat' dir='ltr'>sed</span> <span class='ocrx_word' id='word_1_206' title='bbox 450 2753 562 2832; x_wconf 89' lang='lat' dir='ltr'>postea</span> <span class='ocrx_word' id='word_1_207' title='bbox 585 2751 710 2815; x_wconf 88' lang='lat' dir='ltr'>habitae</span> <span class='ocrx_word' id='word_1_208' title='bbox 733 2755 817 2834; x_wconf 83' lang='lat' dir='ltr'>sunt,</span> <span class='ocrx_word' id='word_1_209' title='bbox 839 2773 971 2838; x_wconf 87' lang='lat' dir='ltr'>pompas</span> <span class='ocrx_word' id='word_1_210' title='bbox 995 2754 1141 2839; x_wconf 87' lang='lat' dir='ltr'>describi,</span> <span class='ocrx_word' id='word_1_211' title='bbox 1164 2760 1254 2821; x_wconf 88' lang='lat' dir='ltr'>utin</span> 
     </span>
     <span class='ocr_line' id='line_1_24' title="bbox 116 2851 1253 2943; baseline 0.01 -29"><span class='ocrx_word' id='word_1_212' title='bbox 116 2851 320 2916; x_wconf 84' lang='lat' dir='ltr'>Nazianzeni</span> <span class='ocrx_word' id='word_1_213' title='bbox 354 2853 497 2917; x_wconf 88' lang='lat' dir='ltr'>oratione</span> <span class='ocrx_word' id='word_1_214' title='bbox 526 2854 560 2916; x_wconf 94' lang='lat' dir='ltr'>in</span> <span class='ocrx_word' id='word_1_215' title='bbox 589 2855 745 2918; x_wconf 85' lang='lat' dir='ltr'>Basiliam</span> <span class='ocrx_word' id='word_1_216' title='bbox 775 2856 834 2939; x_wconf 90' lang='lat' dir='ltr'>(cp.</span> <span class='ocrx_word' id='word_1_217' title='bbox 857 2857 924 2940; x_wconf 81' lang='lat'>80),</span> <span class='ocrx_word' id='word_1_218' title='bbox 957 2858 1010 2921; x_wconf 86' lang='lat' dir='ltr'>vel</span> <span class='ocrx_word' id='word_1_219' title='bbox 1040 2859 1075 2922; x_wconf 93' lang='lat' dir='ltr'>in</span> <span class='ocrx_word' id='word_1_220' title='bbox 1106 2859 1253 2943; x_wconf 85' lang='lat' dir='ltr'>Gregorii</span> 
     </span>
     <span class='ocr_line' id='line_1_25' title="bbox 114 2952 1253 3038; baseline 0.009 -22"><span class='ocrx_word' id='word_1_221' title='bbox 114 2952 260 3037; x_wconf 85' lang='lat' dir='ltr'>Nysseni</span> <span class='ocrx_word' id='word_1_222' title='bbox 286 2954 432 3018; x_wconf 89' lang='lat' dir='ltr'>oratione</span> <span class='ocrx_word' id='word_1_223' title='bbox 452 2955 486 3017; x_wconf 93' lang='lat' dir='ltr'>in</span> <span class='ocrx_word' id='word_1_224' title='bbox 503 2954 710 3038; x_wconf 61' lang='lat' dir='ltr'>Meletiumi),</span> <span class='ocrx_word' id='word_1_225' title='bbox 733 2957 768 3018; x_wconf 93' lang='lat' dir='ltr'>in</span> <span class='ocrx_word' id='word_1_226' title='bbox 790 2960 901 3021; x_wconf 88' lang='lat' dir='ltr'>nostra</span> <span class='ocrx_word' id='word_1_227' title='bbox 918 2962 1026 3022; x_wconf 90' lang='lat' dir='ltr'>tamen</span> <span class='ocrx_word' id='word_1_228' title='bbox 1041 2962 1184 3026; x_wconf 88' lang='lat' dir='ltr'>oratione</span> <span class='ocrx_word' id='word_1_229' title='bbox 1208 2962 1253 3026; x_wconf 90' lang='lat' dir='ltr'>ita</span> 
     </span>
     <span class='ocr_line' id='line_1_26' title="bbox 116 3056 1252 3142; baseline 0.009 -24"><span class='ocrx_word' id='word_1_230' title='bbox 116 3056 274 3123; x_wconf 87' lang='lat' dir='ltr'>describit</span> <span class='ocrx_word' id='word_1_231' title='bbox 294 3061 403 3120; x_wconf 91' lang='lat' dir='ltr'>orator</span> <span class='ocrx_word' id='word_1_232' title='bbox 418 3077 575 3141; x_wconf 88' lang='lat' dir='ltr'>pompam,</span> <span class='ocrx_word' id='word_1_233' title='bbox 591 3063 628 3123; x_wconf 90' lang='lat' dir='ltr'>ut</span> <span class='ocrx_word' id='word_1_234' title='bbox 650 3059 685 3122; x_wconf 92' lang='lat' dir='ltr'>in</span> <span class='ocrx_word' id='word_1_235' title='bbox 707 3060 875 3142; x_wconf 91' lang='lat' dir='ltr'>propatulo</span> <span class='ocrx_word' id='word_1_236' title='bbox 895 3062 937 3124; x_wconf 91' lang='lat' dir='ltr'>sit</span> <span class='ocrx_word' id='word_1_237' title='bbox 960 3080 1031 3124; x_wconf 91' lang='lat' dir='ltr'>eam</span> <span class='ocrx_word' id='word_1_238' title='bbox 1054 3063 1161 3126; x_wconf 90' lang='lat' dir='ltr'>statim</span> <span class='ocrx_word' id='word_1_239' title='bbox 1184 3064 1252 3128; x_wconf 91' lang='lat' dir='ltr'>lau-</span> 
     </span>
     <span class='ocr_line' id='line_1_27' title="bbox 113 3160 1251 3249; baseline 0.004 -26"><span class='ocrx_word' id='word_1_240' title='bbox 113 3160 280 3225; x_wconf 90' lang='lat' dir='ltr'>dationem</span> <span class='ocrx_word' id='word_1_241' title='bbox 297 3160 410 3224; x_wconf 83' lang='lat' dir='ltr'>iratris</span> <span class='ocrx_word' id='word_1_242' title='bbox 433 3160 640 3226; x_wconf 88' lang='lat' dir='ltr'>subsecutam</span> <span class='ocrx_word' id='word_1_243' title='bbox 663 3181 742 3228; x_wconf 88' lang='lat' dir='ltr'>esse.</span> <span class='ocrx_word' id='word_1_244' title='bbox 771 3161 1004 3228; x_wconf 85' lang='lat' dir='ltr'>Gravissimum</span> <span class='ocrx_word' id='word_1_245' title='bbox 1028 3171 1132 3231; x_wconf 88' lang='lat' dir='ltr'>autem</span> <span class='ocrx_word' id='word_1_246' title='bbox 1157 3186 1251 3249; x_wconf 88' lang='lat' dir='ltr'>argu-</span> 
     </span>
     <span class='ocr_line' id='line_1_28' title="bbox 113 3263 1250 3350; baseline 0.006 -24"><span class='ocrx_word' id='word_1_247' title='bbox 113 3270 260 3329; x_wconf 88' lang='lat' dir='ltr'>mentum</span> <span class='ocrx_word' id='word_1_248' title='bbox 293 3265 359 3327; x_wconf 92' lang='lat' dir='ltr'>hoc</span> <span class='ocrx_word' id='word_1_249' title='bbox 389 3269 453 3328; x_wconf 87' lang='lat' dir='ltr'>est:</span> <span class='ocrx_word' id='word_1_250' title='bbox 486 3263 660 3348; x_wconf 83' lang='lat' dir='ltr'>Gregorius</span> <span class='ocrx_word' id='word_1_251' title='bbox 691 3264 768 3328; x_wconf 90' lang='lat' dir='ltr'>dicit</span> <span class='ocrx_word' id='word_1_252' title='bbox 790 3267 849 3349; x_wconf 90' lang='lat' dir='ltr'>(cp.</span> <span class='ocrx_word' id='word_1_253' title='bbox 869 3269 922 3350; x_wconf 89' lang='grc'>16)</span> <span class='ocrx_word' id='word_1_254' title='bbox 952 3269 1128 3332; x_wconf 87' lang='lat' dir='ltr'>oraticnem</span> <span class='ocrx_word' id='word_1_255' title='bbox 1158 3287 1250 3333; x_wconf 88' lang='lat' dir='ltr'>suam</span> 
     </span>
     <span class='ocr_line' id='line_1_29' title="bbox 111 3365 1251 3454; baseline 0.004 -25"><span class='ocrx_word' id='word_1_256' title='bbox 111 3365 234 3431; x_wconf 89' lang='lat' dir='ltr'>donum</span> <span class='ocrx_word' id='word_1_257' title='bbox 251 3370 287 3432; x_wconf 88' lang='lat' dir='ltr'>et</span> <span class='ocrx_word' id='word_1_258' title='bbox 303 3369 528 3430; x_wconf 87' lang='lat' dir='ltr'>ornamentum</span> <span class='ocrx_word' id='word_1_259' title='bbox 544 3387 621 3451; x_wconf 88' lang='lat' dir='ltr'>esse,</span> <span class='ocrx_word' id='word_1_260' title='bbox 646 3367 733 3451; x_wconf 89' lang='lat' dir='ltr'>quod</span> <span class='ocrx_word' id='word_1_261' title='bbox 748 3368 839 3431; x_wconf 86' lang='lat' dir='ltr'>fratri</span> <span class='ocrx_word' id='word_1_262' title='bbox 863 3368 989 3448; x_wconf 83' lang='lat' dir='ltr'>offerat;</span> <span class='ocrx_word' id='word_1_263' title='bbox 1015 3369 1097 3433; x_wconf 91' lang='lat' dir='ltr'>hanc</span> <span class='ocrx_word' id='word_1_264' title='bbox 1117 3371 1251 3454; x_wconf 89' lang='lat' dir='ltr'>opponit</span> 
     </span>
     <span class='ocr_line' id='line_1_30' title="bbox 110 3472 1248 3555; baseline 0.002 -20"><span class='ocrx_word' id='word_1_265' title='bbox 110 3472 249 3537; x_wconf 89' lang='lat' dir='ltr'>aliorum</span> <span class='ocrx_word' id='word_1_266' title='bbox 283 3472 387 3554; x_wconf 74' lang='lat' dir='ltr'>donis</span> <span class='ocrx_word' id='word_1_267' title='bbox 419 3491 501 3554; x_wconf 90' lang='lat' dir='ltr'>quae</span> <span class='ocrx_word' id='word_1_268' title='bbox 526 3476 601 3536; x_wconf 88' lang='lat' dir='ltr'>sunt</span> <span class='ocrx_word' id='word_1_269' title='bbox 623 3473 734 3553; x_wconf 92' lang='lat' dir='ltr'>serica,</span> <span class='ocrx_word' id='word_1_270' title='bbox 764 3472 846 3536; x_wconf 91' lang='lat' dir='ltr'>telae</span> <span class='ocrx_word' id='word_1_271' title='bbox 876 3472 1146 3555; x_wconf 85' lang='lat' dir='ltr'>circumfluentes,</span> <span class='ocrx_word' id='word_1_272' title='bbox 1176 3479 1248 3538; x_wconf 85' lang='lat' dir='ltr'>tex-</span> 
     </span>
     <span class='ocr_line' id='line_1_31' title="bbox 111 3574 1247 3661; baseline 0.004 -25"><span class='ocrx_word' id='word_1_273' title='bbox 111 3579 200 3640; x_wconf 88' lang='lat' dir='ltr'>turae</span> <span class='ocrx_word' id='word_1_274' title='bbox 224 3576 289 3638; x_wconf 91' lang='lat' dir='ltr'>lini</span> <span class='ocrx_word' id='word_1_275' title='bbox 314 3575 483 3657; x_wconf 87' lang='lat' dir='ltr'>pretiosae,</span> <span class='ocrx_word' id='word_1_276' title='bbox 508 3580 746 3658; x_wconf 88' lang='lat' dir='ltr'>unguentorum</span> <span class='ocrx_word' id='word_1_277' title='bbox 770 3574 956 3658; x_wconf 79' lang='lat' dir='ltr'>infusiones,</span> <span class='ocrx_word' id='word_1_278' title='bbox 977 3596 1121 3660; x_wconf 90' lang='lat' dir='ltr'>coronae,</span> <span class='ocrx_word' id='word_1_279' title='bbox 1140 3578 1247 3661; x_wconf 78' lang='lat' dir='ltr'>florea,</span> 
     </span>
    </p>
   </div>
   <div class='ocr_carea' id='block_1_12' title="bbox 109 3727 1245 4396">
    <p class='ocr_par' dir='ltr' id='par_1_13' title="bbox 203 3727 1157 3802">
     <span class='ocr_line' id='line_1_32' title="bbox 203 3727 1157 3802; baseline 0.001 -17"><span class='ocrx_word' id='word_1_280' title='bbox 203 3733 224 3800; x_wconf 87' lang='lat'>¹)</span> <span class='ocrx_word' id='word_1_281' title='bbox 242 3731 334 3800; x_wconf 88' lang='lat' dir='ltr'>Epist.</span> <span class='ocrx_word' id='word_1_282' title='bbox 350 3729 385 3784; x_wconf 83' lang='lat'>20</span> <span class='ocrx_word' id='word_1_283' title='bbox 403 3727 505 3798; x_wconf 87' lang='lat' dir='ltr'>(Migne</span> <span class='ocrx_word' id='word_1_284' title='bbox 524 3732 578 3785; x_wconf 91' lang='lat' dir='ltr'>vol.</span> <span class='ocrx_word' id='word_1_285' title='bbox 593 3731 647 3801; x_wconf 84' lang='lat'><strong>37).</strong></span> <span class='ocrx_word' id='word_1_286' title='bbox 720 3732 742 3800; x_wconf 76' lang='lat'>²)</span> <span class='ocrx_word' id='word_1_287' title='bbox 761 3729 847 3798; x_wconf 86' lang='lat' dir='ltr'>Epist.</span> <span class='ocrx_word' id='word_1_288' title='bbox 860 3732 896 3785; x_wconf 83' lang='lat'>26</span> <span class='ocrx_word' id='word_1_289' title='bbox 915 3731 1016 3801; x_wconf 89' lang='lat' dir='ltr'>(Migne</span> <span class='ocrx_word' id='word_1_290' title='bbox 1035 3734 1090 3786; x_wconf 89' lang='lat' dir='ltr'>vol.</span> <span class='ocrx_word' id='word_1_291' title='bbox 1104 3732 1157 3802; x_wconf 84' lang='lat'><strong>37).</strong></span> 
     </span>
    </p>

    <p class='ocr_par' dir='ltr' id='par_1_14' title="bbox 109 3814 1245 4144">
     <span class='ocr_line' id='line_1_33' title="bbox 200 3814 1245 3887; baseline -0.003 -15"><span class='ocrx_word' id='word_1_292' title='bbox 200 3819 222 3887; x_wconf 76' lang='grc'>8)</span> <span class='ocrx_word' id='word_1_293' title='bbox 242 3815 388 3872; x_wconf 81' lang='lat' dir='ltr'>Beronius</span> <span class='ocrx_word' id='word_1_294' title='bbox 412 3814 556 3870; x_wconf 88' lang='lat' dir='ltr'>contendit</span> <span class='ocrx_word' id='word_1_295' title='bbox 579 3816 743 3872; x_wconf 87' lang='lat' dir='ltr'>Caesarium</span> <span class='ocrx_word' id='word_1_296' title='bbox 767 3815 797 3869; x_wconf 92' lang='lat' dir='ltr'>in</span> <span class='ocrx_word' id='word_1_297' title='bbox 819 3818 912 3886; x_wconf 87' lang='lat' dir='ltr'>patria</span> <span class='ocrx_word' id='word_1_298' title='bbox 935 3833 987 3872; x_wconf 90' lang='lat' dir='ltr'>sua</span> <span class='ocrx_word' id='word_1_299' title='bbox 1011 3822 1148 3871; x_wconf 90' lang='lat' dir='ltr'>mortuum</span> <span class='ocrx_word' id='word_1_300' title='bbox 1173 3830 1245 3883; x_wconf 89' lang='lat' dir='ltr'>esse,</span> 
     </span>
     <span class='ocr_line' id='line_1_34' title="bbox 109 3899 1245 3971; baseline -0.001 -17"><span class='ocrx_word' id='word_1_301' title='bbox 109 3901 309 3958; x_wconf 83' lang='lat' dir='ltr'>Tillemontius</span> <span class='ocrx_word' id='word_1_302' title='bbox 330 3900 359 3969; x_wconf 93' lang='lat' dir='ltr'>(l.</span> <span class='ocrx_word' id='word_1_303' title='bbox 374 3916 397 3954; x_wconf 91' lang='lat' dir='ltr'>c.</span> <span class='ocrx_word' id='word_1_304' title='bbox 411 3899 448 3953; x_wconf 92' lang='lat' dir='ltr'>IX</span> <span class='ocrx_word' id='word_1_305' title='bbox 460 3899 524 3969; x_wconf 88' lang='grc'>396)</span> <span class='ocrx_word' id='word_1_306' title='bbox 543 3901 610 3956; x_wconf 88' lang='lat' dir='ltr'>dicit</span> <span class='ocrx_word' id='word_1_307' title='bbox 628 3917 768 3971; x_wconf 88' lang='lat' dir='ltr'>nusquam</span> <span class='ocrx_word' id='word_1_308' title='bbox 786 3902 850 3971; x_wconf 87' lang='lat' dir='ltr'>legi,</span> <span class='ocrx_word' id='word_1_309' title='bbox 873 3903 922 3958; x_wconf 91' lang='lat' dir='ltr'>ubi</span> <span class='ocrx_word' id='word_1_310' title='bbox 939 3901 999 3956; x_wconf 82' lang='lat' dir='ltr'>vita</span> <span class='ocrx_word' id='word_1_311' title='bbox 1023 3900 1183 3967; x_wconf 85' lang='lat' dir='ltr'>decesserit,</span> <span class='ocrx_word' id='word_1_312' title='bbox 1208 3901 1245 3954; x_wconf 87' lang='lat' dir='ltr'>ad</span> 
     </span>
     <span class='ocr_line' id='line_1_35' title="bbox 109 3983 1244 4057; baseline -0.004 -15"><span class='ocrx_word' id='word_1_313' title='bbox 109 4002 181 4056; x_wconf 86' lang='lat' dir='ltr'>quae</span> <span class='ocrx_word' id='word_1_314' title='bbox 206 3988 241 4042; x_wconf 85' lang='lat' dir='ltr'>cf.</span> <span class='ocrx_word' id='word_1_315' title='bbox 268 3985 364 4054; x_wconf 86' lang='lat' dir='ltr'>Migrre</span> <span class='ocrx_word' id='word_1_316' title='bbox 387 3984 437 4052; x_wconf 82' lang='lat'>38,</span> <span class='ocrx_word' id='word_1_317' title='bbox 461 3983 522 4039; x_wconf 77' lang='grc'>848.</span> <span class='ocrx_word' id='word_1_318' title='bbox 563 3985 618 4040; x_wconf 91' lang='lat' dir='ltr'>Sed</span> <span class='ocrx_word' id='word_1_319' title='bbox 650 3985 766 4041; x_wconf 89' lang='lat' dir='ltr'>dubium</span> <span class='ocrx_word' id='word_1_320' title='bbox 796 4003 859 4042; x_wconf 88' lang='lat' dir='ltr'>esse</span> <span class='ocrx_word' id='word_1_321' title='bbox 884 3985 994 4057; x_wconf 87' lang='lat' dir='ltr'>nequit,</span> <span class='ocrx_word' id='word_1_322' title='bbox 1027 3985 1094 4055; x_wconf 92' lang='lat' dir='ltr'>quin</span> <span class='ocrx_word' id='word_1_323' title='bbox 1123 3984 1244 4038; x_wconf 87' lang='lat' dir='ltr'>Nicaeae</span> 
     </span>
     <span class='ocr_line' id='line_1_36' title="bbox 109 4068 1242 4144; baseline -0.002 -20"><span class='ocrx_word' id='word_1_324' title='bbox 109 4075 236 4126; x_wconf 88' lang='lat' dir='ltr'>mortuus</span> <span class='ocrx_word' id='word_1_325' title='bbox 251 4071 300 4138; x_wconf 89' lang='lat' dir='ltr'>sit,</span> <span class='ocrx_word' id='word_1_326' title='bbox 321 4086 386 4124; x_wconf 89' lang='lat' dir='ltr'>cum</span> <span class='ocrx_word' id='word_1_327' title='bbox 406 4069 436 4122; x_wconf 91' lang='lat' dir='ltr'>in</span> <span class='ocrx_word' id='word_1_328' title='bbox 456 4068 617 4137; x_wconf 89' lang='lat' dir='ltr'>epigramm.</span> <span class='ocrx_word' id='word_1_329' title='bbox 627 4071 662 4125; x_wconf 77' lang='lat'>14</span> <span class='ocrx_word' id='word_1_330' title='bbox 677 4069 778 4139; x_wconf 86' lang='lat' dir='ltr'>(Migne</span> <span class='ocrx_word' id='word_1_331' title='bbox 798 4072 843 4142; x_wconf 83' lang='lat'>38,</span> <span class='ocrx_word' id='word_1_332' title='bbox 871 4074 915 4144; x_wconf 83' lang='lat'>18)</span> <span class='ocrx_word' id='word_1_333' title='bbox 938 4070 1014 4124; x_wconf 89' lang='lat' dir='ltr'>dicat</span> <span class='ocrx_word' id='word_1_334' title='bbox 1032 4071 1242 4125; x_wconf 87' lang='lat' dir='ltr'>Nazianzenus:</span> 
     </span>
    </p>

    <p class='ocr_par' dir='ltr' id='par_1_15' title="bbox 197 4155 1070 4396">
     <span class='ocr_line' id='line_1_37' title="bbox 330 4155 977 4227; baseline 0.002 -20"><span class='ocrx_word' id='word_1_335' title='bbox 330 4155 505 4220; x_wconf 68' lang='lat' dir='ltr'>‘adaquaret</span> <span class='ocrx_word' id='word_1_336' title='bbox 525 4158 630 4223; x_wconf 80' lang='grc' dir='ltr'>βοιειλῆι</span> <span class='ocrx_word' id='word_1_337' title='bbox 647 4158 700 4226; x_wconf 85' lang='grc' dir='ltr'>τόν</span> <span class='ocrx_word' id='word_1_338' title='bbox 719 4157 818 4219; x_wconf 79' lang='grc' dir='ltr'>ἔξοχον</span> <span class='ocrx_word' id='word_1_339' title='bbox 838 4158 977 4227; x_wconf 84' lang='grc' dir='ltr'>ἰητήρων,</span> 
     </span>
     <span class='ocr_line' id='line_1_38' title="bbox 332 4238 1070 4309; baseline -0.003 -16"><span class='ocrx_word' id='word_1_340' title='bbox 332 4243 397 4309; x_wconf 83' lang='grc' dir='ltr'>φεῦ,</span> <span class='ocrx_word' id='word_1_341' title='bbox 417 4239 496 4292; x_wconf 90' lang='grc' dir='ltr'>κόνιν</span> <span class='ocrx_word' id='word_1_342' title='bbox 516 4240 546 4292; x_wconf 81' lang='grc' dir='ltr'>ἐκ</span> <span class='ocrx_word' id='word_1_343' title='bbox 566 4243 696 4296; x_wconf 83' lang='grc' dir='ltr'>Βιθυνῶν</span> <span class='ocrx_word' id='word_1_344' title='bbox 716 4238 844 4305; x_wconf 81' lang='grc' dir='ltr'>δεξόμεθ’</span> <span class='ocrx_word' id='word_1_345' title='bbox 860 4246 895 4300; x_wconf 80' lang='grc' dir='ltr'>αθ</span> <span class='ocrx_word' id='word_1_346' title='bbox 916 4258 944 4295; x_wconf 84' lang='grc' dir='ltr'>(ε</span> <span class='ocrx_word' id='word_1_347' title='bbox 963 4240 1070 4293; x_wconf 86' lang='grc' dir='ltr'>πέδου.’</span> 
     </span>
     <span class='ocr_line' id='line_1_39' title="bbox 197 4322 591 4396; baseline -0.008 -14"><span class='ocrx_word' id='word_1_348' title='bbox 197 4326 220 4396; x_wconf 84' lang='lat'>⁴)</span> <span class='ocrx_word' id='word_1_349' title='bbox 243 4325 285 4382; x_wconf 88' lang='lat' dir='ltr'>cf.</span> <span class='ocrx_word' id='word_1_350' title='bbox 307 4325 402 4378; x_wconf 88' lang='lat' dir='ltr'>Bauer</span> <span class='ocrx_word' id='word_1_351' title='bbox 420 4322 476 4376; x_wconf 88' lang='grc' dir='ltr'>1.ο.</span> <span class='ocrx_word' id='word_1_352' title='bbox 496 4338 538 4391; x_wconf 90' lang='lat' dir='ltr'>pg.</span> <span class='ocrx_word' id='word_1_353' title='bbox 549 4324 591 4380; x_wconf 77' lang='lat'>51.</span> 
     </span>
    </p>
   </div>
   <div class='ocr_carea' id='block_1_13' title="bbox 1103 4429 1135 4482">
    <p class='ocr_par' dir='ltr' id='par_1_16' title="bbox 1103 4429 1135 4482">
     <span class='ocr_line' id='line_1_40' title="bbox 1103 4429 1135 4482; baseline 0 -19"><span class='ocrx_word' id='word_1_354' title='bbox 1103 4429 1135 4482; x_wconf 76' lang='lat'>3*</span> 
     </span>
    </p>
   </div>
   <div class='ocr_carea' id='block_1_14' title="bbox 0 0 1618 5268">
    <p class='ocr_par' dir='ltr' id='par_1_17' title="bbox 0 0 1618 5268">
     <span class='ocr_line' id='line_1_41' title="bbox 0 0 1618 5268; baseline 0 7"><span class='ocrx_word' id='word_1_355' title='bbox 0 0 1618 5268; x_wconf 95' lang='lat' dir='ltr'> </span> 
     </span>
    </p>
   </div>
  </div>
 </body>
</html>
