3240 5258
314 474 359 526 De
380 470 505 540 Gregorii
523 468 696 524 Nazianzeni
715 467 890 522 orationibus
909 467 1081 522 funebribus.
1223 463 1262 531 79

205 643 313 722 Quod
326 659 427 706 usum
438 635 613 704 formarum
624 641 742 704 πλείων
756 644 789 702 et
799 639 905 702 πλέων
918 639 1039 720 attinet,
1049 639 1263 711 Meisterhans

105 740 907 831 lc.152,18exinscriptionibusAttioisregulam
915 743 1023 804 statuit
1032 742 1263 813 huno:Attieos

105 859 187 918 ante
214 853 341 935 longas
365 849 493 912 vocales
515 868 550 930 ει,
574 851 646 910 ante
668 845 783 909 breves
805 847 873 908 eet
891 863 924 925 ο,
948 845 982 906 in
1005 848 1120 909 neutm
1144 867 1264 931 genere

105 955 214 1021 πλέον
235 953 351 1019 solum
364 951 556 1016 adhibuisse.
580 947 749 1030 Aristides,
763 947 925 1028 Aelianus,
943 945 1152 1014 Philostratus
1169 953 1202 1036 (S
1214 954 1264 1016 ffl

107 1059 163 1142 24,
191 1055 248 1122 IV
270 1059 328 1139 18)
358 1073 486 1137 semper
512 1053 629 1116 πλείων
657 1051 820 1132 exhibent,
847 1069 949 1133 genus
977 1055 1084 1115 autem
1112 1063 1263 1118 neutrum

105 1162 203 1245 apud
225 1157 414 1224 Aelianum
437 1173 569 1238 semper,
594 1153 678 1237 apud
694 1153 869 1217 Aristidem
888 1153 1077 1236 plerumque
1093 1158 1190 1222 πλέον
1207 1163 1262 1222 est.

108 1264 224 1341 Quam
238 1260 394 1344 regulam
406 1261 499 1342 plane
512 1257 658 1338 sequitur
670 1255 852 1338 Gregorius
866 1255 950 1338 apud
963 1273 1060 1337 quem
1071 1256 1130 1320 hue
1142 1257 1264 1323 formae

106 1368 362 1430 inveniuntur:
386 1363 504 1426 πλείων
528 1359 624 1441 816,
650 1361 701 1440 58,
726 1361 784 1432 59,
809 1361 958 1424 πλείονος
982 1359 1075 1442 018,
1092 1362 1143 1443 20,
1168 1363 1264 1444 817,

109 1471 163 1552 53,
192 1471 253 1550 58,
280 1469 337 1547 79,
358 1465 417 1538 80,
448 1461 565 1527 πλείονι
593 1462 694 1541 839,
719 1462 814 1526 πλείω
839 1460 929 1543 012,
954 1464 1004 1544 18,
1029 1463 1089 1527 06
1106 1464 1186 1548 (bis),
1214 1468 1263 1547 19,

110 1575 164 1654 22,
198 1574 259 1653 33,
294 1571 348 1649 35,
378 1569 429 1648 39,
459 1566 552 1647 840,
582 1566 634 1646 48,
665 1566 715 1644 60,
745 1561 804 1643 71,
833 1566 949 1629 πλείοο
973 1566 1050 1648 09,
1078 1566 1175 1649 848,
1205 1569 1263 1646 59,

108 1675 289 1739 πλειόνων
314 1670 343 1733 Β
360 1670 412 1744 22,
431 1671 483 1750 44,
504 1668 554 1748 60,
576 1667 635 1745 61,
660 1667 785 1730 πλείου(
807 1670 853 1745 (ι-
869 1668 1022 1750 πλείονεε)
1045 1668 1072 1732 B
1090 1672 1118 1751 3,
1138 1671 1187 1753 15,
1205 1672 1263 1748 34,

106 1779 157 1860 (ε
175 1774 355 1854 πλείονας)
379 1772 475 1853 012,
493 1773 552 1852 33,
581 1773 731 1836 πλείονα(
754 1767 849 1835 881.
875 1806 917 1818 —
941 1773 1039 1838 πλέον
1063 1774 1133 1858 01,
1158 1778 1187 1858 4,
1214 1778 1264 1858 10,

111 1881 166 1956 14,
195 1881 255 1962 18,
286 1879 340 1958 19,
366 1873 416 1958 22,
442 1874 515 1957 05,
539 1877 569 1957 8,
594 1877 623 1956 9,
649 1875 699 1957 15,
725 1875 776 1956 23,
802 1875 853 1956 27,
878 1875 930 1957 35,
955 1877 1013 1956 36,
1038 1877 1101 1940 83
1126 1879 1206 1960 (bis),
1237 1881 1264 1960 7,

112 1986 166 2066 18,
196 1985 254 2064 19,
284 1981 340 2060 20,
366 1979 416 2060 21,
442 1979 492 2058 36,
517 1979 569 2058 49,
595 1977 646 2057 67,
671 1977 721 2057 69,
746 1978 857 2040 80-
874 1979 984 2041 πλεῖον
1004 1978 1027 2041 0
1045 1979 1073 2060 6,
1092 1980 1121 2043 0
1140 1982 1180 2045 19
1197 1981 1265 2063 (ubi

110 2085 275 2151 nonnulli
315 2080 406 2145 codd.
434 2083 530 2145 πλέον
557 2079 739 2162 praebent),
767 2080 796 2143 0
820 2081 861 2143 38
890 2081 959 2162 (ubi
989 2084 1128 2165 optimus
1160 2085 1265 2149 codex

110 2193 215 2253 πλέον
236 2185 364 2264 habet),
387 2183 413 2246 Β
432 2185 482 2265 58,
500 2185 551 2264 59,
568 2184 627 2260 77,
652 2181 702 2245 ἐπὶ
719 2187 830 2247 πλεῖον
858 2182 885 2245 Β
908 2185 958 2248 24.
991 2184 1084 2250 Licet
1106 2187 1265 2251 iudicium

110 2293 281 2371 nostrum,
305 2285 386 2349 dum
404 2305 513 2349 veram
531 2285 686 2348 librorum
705 2285 909 2374 traditionem
928 2286 1121 2370 ignoramus
1142 2291 1181 2354 de
1200 2292 1266 2353 sin-

110 2395 201 2478 gulis
215 2394 306 2457 locis
319 2391 483 2452 incertum
495 2388 543 2470 sit,
556 2393 663 2451 tamen
679 2388 784 2451 elucet
797 2388 986 2471 Gregorium
999 2409 1130 2474 prorsus
1143 2397 1266 2457 ceteros

112 2499 296 2562 Atticistas
331 2492 449 2554 imitari
480 2497 513 2555 et
541 2492 690 2574 proxime
721 2491 762 2554 ad
793 2492 945 2556 Aristidis
975 2511 1070 2556 usum
1104 2495 1265 2561 accedere.

112 2601 284 2685 Synesius
317 2613 446 2679 semper
468 2596 564 2658 πλέον
590 2599 730 2676 usurpat,
758 2595 889 2659 adhibet
917 2615 993 2659 vero
1022 2599 1119 2662 semel
1145 2601 1267 2664 πλέονα

112 2726 172 2790 pro
197 2704 345 2769 πλείονα
370 2697 422 2780 (m
438 2700 499 2777 38).
853 2701 857 2712 ’

210 2803 404 2872 Genetirus
421 2803 709 2885 comparativorum
732 2803 765 2863 in
791 2821 853 2865 -ων
868 2819 976 2884 neque
992 2801 1078 2886 apud
1094 2803 1267 2869 Aelianum

114 2911 147 2993 (S
164 2911 201 2975 H
229 2911 291 2990 23)
322 2923 432 2986 neque
465 2905 549 2988 apud
582 2903 813 2968 Philostratum
841 2903 873 2988 (S
894 2905 941 2968 IV
967 2907 1020 2988 17)
1047 2926 1153 2990 neque
1182 2907 1268 2992 apud

112 3012 325 3097 Gregorium
350 3007 469 3070 formas
493 3010 670 3070 contractas
694 3008 842 3088 exhibet,
866 3009 979 3073 scribit
1000 3011 1099 3093 igitur
1121 3013 1268 3076 aletovot

114 3117 139 3181 0
159 3120 203 3182 18
225 3134 303 3179 non
322 3110 457 3175 πλείους.
482 3111 639 3192 Synesius
661 3110 796 3176 eandem
815 3111 959 3193 regulam
976 3113 1122 3194 sequitur
1137 3112 1191 3193 (Fr
1204 3115 1268 3195 35).

209 3213 413 3283 Eorundem
436 3215 722 3297 comparativorum
749 3217 951 3279 aecusativus
976 3214 1147 3297 singularis
1170 3234 1267 3280 masc.

115 3331 148 3389 et
171 3324 256 3387 fem.
279 3316 414 3402 generis
438 3321 470 3380 et
492 3322 644 3381 neutrum
668 3317 781 3399 plural.
801 3318 887 3401 apud
906 3318 1081 3382 Aristidem
1106 3323 1137 3380 et
1160 3318 1268 3382 Aelia

114 3445 199 3490 num
230 3427 271 3490 et
297 3419 529 3485 Philostratum
558 3437 684 3502 semper
705 3419 773 3485 fero
801 3421 919 3484 formas
947 3426 1125 3485 contractas
1149 3421 1269 3488 habent

116 3529 220 3614 (8ΙΠ
243 3527 303 3608 23,
328 3521 379 3586 IV
401 3525 458 3602 17,
488 3523 586 3588 Moer.
607 3525 648 3586 32
681 3523 796 3602 ἀμείνω
821 3525 964 3602 Αττικῶε,
988 3525 1137 3604 ἀμείνονα
1161 3523 1269 3604 Ἑλλη-

113 3637 236 3715 νικῶς).
269 3629 381 3706 Quem
403 3646 496 3691 usum
520 3629 667 3710 sequitur
690 3630 787 3692 etiam
810 3627 1001 3710 Gregorius3
1025 3626 1157 3711 praebet
1181 3629 1269 3692 enim

117 3737 176 3800 has
196 3737 348 3800 termas:
375 3729 491 3807 ἀμείνω
512 3730 581 3814 07,
602 3731 699 3810 865,
725 3733 841 3796 ἐλάττω
861 3730 951 3812 017,
970 3729 1047 3808 83,
1068 3731 1159 3808 μείζω
1176 3731 1269 3816 011,

116 3841 203 3905 Β13
221 3838 313 3922 (bis),
346 3833 398 3914 39,
422 3835 479 3911 59,
503 3836 598 3900 πλείω
624 3833 708 3916 (vide
731 3834 854 3917 supra);
881 3833 1113 3914 βελτίωο35,
1138 3835 1268 3910 κρείττω

117 3946 219 4028 833,
250 3943 315 4018 60,
347 3938 429 4014 ἥττω
453 3937 539 4000 844
567 3939 618 4020 (cf.
640 3937 740 4001 Moer.
763 3938 826 4000 163
861 3937 943 4014 ἥττω
968 3935 1118 4012 Ἀττικῶς,
1150 3935 1269 4012 treuva

119 4043 353 4126 Ἑλληνικῶς),
381 4039 448 4121 ῥᾴω
473 4040 575 4121 043,
602 4041 695 4119 χείρω
719 4041 813 4104 868.
831 4075 873 4084 -—
893 4037 966 4100 Non
990 4042 1152 4102 contracta
1174 4044 1268 4103 sunt:

117 4151 256 4230 μείζονα
278 4145 351 4225 04,
373 4143 426 4223 20,
449 4142 540 4227 043,
565 4143 647 4207 876
673 4149 706 4206 et
728 4143 891 4221 κρείττονα
911 4139 938 4203 B
957 4141 985 4220 1,
1009 4142 1125 4218 ἥττονα
1143 4137 1269 4223 8441).

125 4282 353 4299 Μ

214 4372 236 4442 ¹)
259 4363 397 4437 ἥττον(ο)
415 4380 539 4436 propono
552 4381 603 4437 pro
617 4367 713 4432 ἥττων
726 4367 772 4420 vel
786 4366 872 4431 ἥττω,
892 4364 926 4418 ot.
941 4377 1013 4431 quae
1027 4365 1062 4420 de
1075 4363 1153 4418 hiatu
1167 4360 1271 4423 dicam,
