3228 5268
351 449 394 511 54
788 454 898 510 Xaver
916 453 1036 522 Hurth,

348 627 447 709 filiua
464 627 521 708 qui
537 645 660 690 summo
677 625 784 690 dolore
797 625 933 690 affectus
949 645 1019 690 essa
1035 624 1178 706 debebat
1189 630 1359 708 praesente
1375 630 1477 690 matre

349 748 493 794 maerore
529 729 660 811 afflicta,
691 728 866 792 orationem
893 728 1063 792 funebrem
1091 727 1214 792 orditur
1242 748 1262 791 a
1290 727 1477 793 laudatione

349 831 479 896 alterius
503 832 641 896 hominis
663 831 826 896 blanditiis
848 833 974 897 referta.
998 871 1043 880 -

438 937 471 1002 Si
494 938 628 1020 primam
653 937 737 1000 hanc
761 937 913 999 orationis
931 940 1053 1019 partem
1071 953 1262 1016 resecamus,
1286 940 1395 1018 restat,
1421 936 1476 1018 qui

348 1045 488 1122 vocatur,
504 1041 599 1114 λόγος
623 1040 799 1118 ἐπιτάφιος;
824 1058 896 1101 nam
916 1039 1013 1112 λόγον
1029 1039 1193 1115 ἐπιτάφιον
1209 1058 1275 1102 non
1290 1044 1477 1117 παραμοθη·

347 1142 432 1206 τικόν
455 1159 526 1205 asse
549 1160 592 1204 ex
609 1142 657 1222 iis,
683 1159 765 1221 quae
781 1159 878 1224 supra
893 1143 1038 1225 exposui,
1062 1160 1213 1224 apparare
1232 1142 1312 1204 mihi
1331 1141 1475 1205 videtur:

348 1247 380 1306 et
409 1243 526 1308 desunt
555 1243 661 1307 threni
691 1247 723 1306 et
753 1243 926 1307 consolatio
957 1242 1145 1307 brevissima
1173 1249 1237 1320 est3
1271 1264 1348 1308 nam
1372 1246 1476 1329 capita

349 1345 611 1427 5-391audem,
628 1347 733 1430 capita
747 1347 879 1409 42-43
896 1346 1144 1411 consolationem
1160 1349 1337 1411 continent.
1360 1347 1476 1430 Itaque

346 1447 382 1510 in
404 1447 464 1512 hae
488 1467 617 1530 quoque
638 1449 780 1512 oratione
802 1448 882 1512 duas
902 1450 979 1512 istas
998 1453 1104 1531 partes
1124 1451 1239 1514 acriter
1255 1455 1287 1514 el
1302 1452 1473 1534 perspicue

346 1550 431 1613 inter
446 1568 480 1613 se
497 1549 662 1614 distinctas
679 1553 711 1614 et
725 1556 885 1633 separatas
899 1551 1098 1614 invenimus:
1122 1557 1159 1615 ut
1174 1554 1261 1616 enim
1277 1553 1312 1615 in
1329 1555 1475 1618 oratione

345 1653 381 1714 in
400 1651 583 1715 Caesarium
607 1653 634 1715 is
656 1655 761 1736 τόπος,
787 1675 850 1737 quo
870 1655 966 1718 offert
984 1659 1088 1719 orator
1106 1661 1231 1720 mortuo
1246 1656 1473 1739 laudationem

345 1755 552 1837 interpositus
567 1761 623 1837 est7
639 1756 684 1819 ita
694 1757 729 1818 in
744 1757 806 1821 hoc
821 1757 981 1841 epitaphio
993 1757 1142 1822 allocutio
1158 1757 1212 1821 illa
1228 1759 1268 1822 ad
1283 1764 1409 1843 patrem
1424 1761 1474 1822 in-

346 1860 475 1923 venitur
497 1858 559 1946 (cp.
576 1861 639 1942 40).

435 1959 529 2037 Quod
552 1966 659 2028 autem
681 1964 807 2029 laudem
830 1966 931 2048 ipsam
955 1966 1075 2045 attinet
1099 1963 1304 2027 statuendum
1331 1969 1381 2028 est
1405 1986 1472 2030 ora·
1597 2011 1598 2016 κ

344 2068 446 2128 torem
469 2064 577 2147 pluras
600 2067 718 2131 τόπους
736 2068 992 2146 ἐριωμιαςτικούς
1010 2073 1140 2148 tangere
1159 2086 1256 2148 quam
1274 2067 1309 2129 in
1329 2069 1471 2132 oratione

342 2167 378 2229 in
395 2166 593 2248 Caesarium
614 2176 690 2233 sunt
706 2173 824 2250 πατρίς,
840 2171 879 2233 τά
889 2175 945 2248 τῆς
959 2170 1062 2252 τύχης,
1078 2170 1118 2233 ad
1135 2189 1232 2252 quem
1247 2171 1349 2234 τόπον
1365 2170 1473 2235 verbis

343 2271 401 2346 τήν
425 2269 542 2336 ἔξωθεν
565 2273 770 2349 περιφάνειαν
794 2275 899 2335 orator
922 2271 1062 2335 alludere
1080 2270 1220 2353 videtur,
1245 2273 1337 2351 φύςις
1356 2279 1470 2356 ψυχῆς,

345 2371 568 2450 ἐπιτηδεύματα
598 2373 650 2436 vel
676 2375 840 2456 professio.
880 2373 943 2450 Qui
970 2376 1080 2456 τόπος,
1109 2394 1183 2438 oum
1206 2376 1241 2437 in
1269 2377 1414 2441 oratione
1437 2377 1471 2438 in
1597 2399 1598 2404 ¹

344 2473 528 2537 Caesarium
544 2477 669 2538 nonita
685 2482 885 2560 comparatos
901 2479 950 2558 sit,
970 2479 1007 2540 ut
1026 2477 1175 2541 coeteris
1190 2479 1300 2542 τόποις
1315 2478 1470 2563 distingui
1597 2527 1598 2556 ,

343 2577 452 2660 possit
475 2576 538 2640 hoc
560 2578 719 2662 epitaphio
743 2586 852 2663 aperte
876 2601 895 2643 a
917 2582 1031 2644 ceteris
1059 2586 1237 2663 separatur:
1267 2601 1315 2663 cp.
1339 2583 1471 2646 15—18

344 2679 430 2742 enim
454 2679 525 2742 fuse
549 2683 724 2763 exponitur
745 2689 868 2765 patrem
883 2683 1082 2747 sacerdotem
1098 2687 1131 2747 et
1146 2685 1333 2767 episcopum
1347 2684 1468 2748 factum

345 2801 432 2861 esse;
455 2801 506 2845 res
525 2788 640 2867 autem,
666 2804 745 2866 quas
762 2789 855 2869 pater
871 2787 907 2848 in
925 2786 987 2849 hoc
1007 2803 1141 2850 munere
1159 2787 1266 2868 gessit
1290 2786 1368 2850 huic
1387 2787 1467 2870 parti

344 2886 451 2948 orator
464 2904 532 2948 non
546 2885 691 2969 subiecit
704 2888 761 2951 sed
776 2889 864 2970 τόπῳ
880 2890 1008 2973 proprio
1024 2893 1096 2973 post
1112 2895 1316 2953 enumeratas
1332 2891 1470 2953 virtutes
1597 2895 1598 2976 j

343 2988 492 3051 tractwit
512 2990 572 3071 (op.
594 2989 746 3070 32—37).
772 2989 822 3053 Ita
837 2990 1009 3072 Gregorius
1024 2993 1151 3066 πράξεις
1166 2993 1198 3054 et
1213 2991 1327 3070 ἀρετάς
1343 3011 1470 3075 separa·

344 3092 402 3154 tim
418 3091 558 3173 exponit.
583 3089 685 3166 Quam
697 3093 901 3174 partitionem
913 3113 932 3154 a
943 3092 1158 3175 Xenophonte
1174 3095 1276 3176 primo
1293 3094 1469 3158 adhibitam
1597 3111 1598 3178 ξ

344 3199 376 3258 et
399 3195 438 3258 ab
461 3195 600 3259 Isocrate
615 3199 778 3278 receptam
792 3195 984 3276 posteriores
999 3195 1143 3258 rhetores
1162 3200 1194 3258 et
1209 3200 1350 3260 oratores
1366 3197 1469 3262 secuti

343 3318 407 3362 non
419 3317 488 3362 esse
501 3299 659 3362 videntur.
675 3297 853 3362 Menander
868 3296 954 3361 solus
970 3295 1104 3360 candem
1116 3297 1307 3361 divisionem
1322 3297 1470 3376 exhibet3

344 3419 382 3462 ea
404 3419 480 3464 vcro
503 3420 538 3465 re
563 3421 581 3463 a
596 3399 811 3482 Xenophonte
828 3398 944 3478 differt,
961 3398 1047 3479 quod
1062 3399 1116 3463 hic
1131 3401 1266 3464 virtrtes
1289 3405 1362 3484 post
1376 3401 1468 3482 facta,

342 3501 397 3564 ille
414 3507 488 3565 ante
505 3502 589 3565 facta
603 3503 702 3585 ponit.
734 3501 880 3584 Gregorii
898 3503 1004 3564 autem
1019 3502 1215 3585 temporibus
1232 3505 1385 3566 usitatum
1404 3523 1469 3568 non
1597 3533 1598 3538 ¹

342 3605 443 3666 fuisse
465 3607 600 3668 virtutes
624 3604 757 3668 seorsim
784 3605 920 3666 πιότατα
945 3604 1147 3668 concluditur
1170 3625 1188 3670 e
1210 3605 1328 3669 Iuliani
1351 3605 1471 3686 verbis

345 3707 464 3789 quippe
473 3708 530 3788 qui
539 3710 646 3790 aperte
656 3706 842 3790 pronuntiet
851 3705 1025 3768 orationem
1034 3725 1124 3768 suam
1135 3708 1170 3768 in
1179 3706 1401 3770 Constantium
1410 3709 1470 3770 im·
1597 3785 1598 3788 Ἴ

343 3812 521 3891 peratorem
531 3811 738 3893 compositam
747 3806 915 3891 ipsaeadc
926 3825 990 3887 qua
998 3808 1131 3890 agimus,
1139 3809 1308 3892 partitione
1319 3810 1470 3874 omnibus

344 3916 526 3976 ceterorum
542 3911 740 3976 orationibus
756 3910 916 3976 excellere
939 3915 972 3974 ot
994 3910 1033 3973 ab
1056 3913 1096 3976 iis
1119 3913 1232 3978 differe
1254 3913 1324 3996 (lul.
1342 3917 1418 3978 orat.
1433 3916 1469 3977 in

344 4015 505 4078 Constant.
527 4016 603 4097 imp.
626 4035 655 4098 p.
680 4017 699 4076 5
719 4015 789 4096 H.):
814 4015 868 4078 ‘ric
891 4013 930 4077 ἂν
955 4013 1014 4076 οὖν
1035 4015 1108 4091 ἡμῖν
1132 4015 1213 4094 άρχή
1233 4019 1282 4079 καὶ
1304 4019 1388 4084 τάξις
1408 4020 1468 4082 τού

343 4117 440 4192 λόγον
463 4117 585 4190 γένοιτο
609 4120 764 4197 καλλίςτη;
793 4120 812 4195 ἢ
835 4120 934 4195 δῆλον
958 4116 1002 4179 ὡς
1025 4117 1044 4193 ἡ
1071 4123 1138 4182 τῶν
1164 4121 1336 4196 προγόνων
1364 4121 1466 4202 ἀρετή,

345 4222 382 4282 δι’
403 4219 442 4296 ἣν
460 4217 579 4296 ὑπῆρξέ
598 4241 643 4284 ςοι
661 4222 765 4284 καὶτὸ
784 4220 917 4302 τοιούτῳ
938 4219 1094 4299 γενὲςθαι;
1117 4226 1241 4300 τροφῆς
1261 4225 1296 4285 δὲ
1317 4219 1469 4301 οἶμαικαὶ
1597 4281 1598 4284 ,

344 4321 485 4382 παιδείας
501 4320 570 4397 ἑξῆς
585 4324 732 4400 προςήκει
748 4326 918 4400 μνηςθῆναι
993 4321 1045 4401 ἐφ’
1062 4323 1155 4388 ἅπαςι
1170 4327 1207 4387 δὲ
1224 4325 1348 4390 τούτοις
1364 4327 1466 4403 ὥςπερ
