3290 5264
210 438 299 526 [325]
537 447 577 499 De
596 445 837 500 Pseudo-Luciam
856 445 1013 500 Amoribus.
1295 441 1335 503 63

207 619 336 682 videtur
357 617 509 701 probasse
528 617 729 699 Wilhelrn1);
759 617 850 680 illum
877 617 1007 699 quidem
1031 621 1104 681 ante
1128 637 1249 680 annum
1272 620 1337 682 350

207 723 309 786 fuisse
331 742 396 784 non
418 722 487 783 sine
508 739 604 784 causa
621 721 728 804 posuit
748 720 1037 801 uWilamowitz2t
1056 719 1117 783 His
1142 722 1338 803 argumentis

209 824 359 905 adducor,
389 829 426 886 ut
449 822 566 906 dialogi
594 828 757 886 auctorem
785 823 937 887 ineunti
965 824 1119 888 saeculo
1148 844 1177 906 p.
1202 822 1282 886 (ihr.
1306 844 1337 886 n.

209 931 342 1009 quarto
359 926 536 989 attribuam.
562 925 624 1002 oui
637 926 778 1008 sophista
797 927 938 1008 aequalis
951 926 1076 991 Himeri
1093 927 1258 990 habendus
1271 929 1336 1007 est3

209 1034 330 1094 certum
354 1048 471 1092 nomen
494 1048 672 1112 proponere
695 1047 790 1092 nemo
814 1028 951 1092 audebit.

298 1235 456 1312 Quoniam
488 1235 528 1298 ad
560 1235 661 1298 linem
684 1235 888 1318 pervenimus
917 1234 1148 1318 disputationis,
1180 1255 1337 1300 summam

209 1340 464 1422 complectamur.

296 1441 430 1524 Dialogo
447 1441 584 1518 ’ἔρωτεὸ
601 1440 660 1504 sub
677 1440 812 1504 Luciani
830 1442 960 1504 nomine
980 1440 1145 1504 codicibus
1164 1442 1255 1505 nobis
1274 1447 1337 1506 tra-

208 1545 273 1609 dito
296 1547 503 1627 patronorum
527 1545 720 1606 matrimonii
744 1549 776 1607 et
794 1545 910 1607 amoris
928 1544 1061 1626 puerilis
1081 1549 1241 1608 certamen
1262 1565 1337 1608 oon-

207 1649 335 1729 tuetur,
352 1647 437 1728 quod
453 1647 492 1709 ad
510 1646 767 1730 componendum
779 1666 819 1710 ex
832 1646 1028 1729 philosophis
1040 1647 1222 1710 rhetoribus
1234 1649 1336 1730 poetis

201 1749 293 1824 locos
320 1749 452 1813 idoneos
481 1755 590 1812 auctor
614 1751 818 1833 comparavit.
853 1748 1174 1833 Philosophorum
1202 1750 1336 1815 adver-

207 1854 372 1916 santium
398 1857 590 1916 certamen
614 1873 688 1915 non
712 1853 875 1915 induxit.

295 1954 334 2017 ln
354 1955 547 2037 prooemio
576 1955 807 2018 conscribendo
838 1961 968 2019 secutus
994 1960 1042 2019 est
1067 1957 1176 2033 καινὴν
1202 1956 1335 2033 ἱετορίαν

207 2057 417 2122 Ptolemaei
438 2057 596 2139 Chenni‚
625 2059 680 2140 qui
703 2059 772 2141 ipse
794 2057 884 2121 libris
907 2060 977 2135 περὶ
1003 2058 1115 2121 Κνίδου
1139 2057 1336 2141 Posidippi

207 2161 622 2240 ἐπιγραμματογράφου
647 2165 678 2224 et
696 2160 883 2224 Aristidis
908 2161 1145 2237 Μιληειακῶν
1166 2161 1335 2224 auctoris

206 2283 285 2327 usus
309 2264 444 2327 videtur,

295 2367 464 2431 Lucieno
489 2365 866 2430 consulto'subditus
891 2370 996 2429 ortus
1020 2371 1078 2429 est
1100 2365 1258 2430 libellus
1277 2366 1334 2428 in-

207 2473 319 2534 eunte
343 2472 496 2534 saeculo
520 2491 549 2554 p.
574 2470 654 2534 (ihr.
678 2490 709 2533 n.
734 2475 877 2551 quarto.
946 2459 951 2464 ’

299 2631 319 2700 ¹)
338 2630 436 2684 Rhein.
450 2630 520 2684 Mus.
536 2629 605 2683 1902
622 2630 690 2684 LVII
703 2629 736 2682 71
747 2645 788 2698 sq.
808 2628 909 2683 Noster
922 2628 1036 2698 Achille,
1054 2645 1113 2683 non
1131 2628 1178 2683 ille
1195 2629 1257 2698 hoc,
1270 2629 1334 2684 ideo

206 2734 274 2772 usus
299 2720 349 2786 est,
369 2717 443 2785 quod
467 2721 495 2771 et
519 2717 555 2772 ad
577 2715 732 2771 Lucianum
752 2718 861 2783 spectat
884 2717 912 2768 et
930 2715 1061 2783 Achilles,
1079 2718 1111 2769 ut
1130 2715 1239 2769 adsolet
1257 2715 1334 2784 (Wil-

205 2804 280 2858 hehn
298 2802 315 2855 l.
330 2802 382 2871 71),
402 2802 510 2857 auctori
529 2802 705 2857 adversatur.

297 2887 317 2956 Ι)
335 2887 416 2956 Apud
434 2888 463 2941 P.
477 2887 644 2956 Hinneberg,
663 2886 762 2940 Kultur
782 2886 831 2940 der
851 2886 1017 2956 Gegenwart
1037 2885 1051 2938 1
1071 2886 1133 2940 Abt.
1148 2886 1205 2939 Vlll
1226 2885 1285 2939 183.
