3270 5250
310 497 362 562 44
706 506 833 559 Robert
852 503 968 572 Bloch,
1360 493 1451 581 [306]

314 680 478 761 peictlufl).
509 680 544 741 εὺ
568 680 604 742 δέ
628 715 669 724 -
693 678 810 755 ταύτην
832 679 892 755 γὰρ
924 677 968 740 dic
996 677 1071 755 φὴιε
1095 671 1174 740 εἶδε(
1198 674 1305 738 -ἴθι
1329 696 1378 752 μοι
1402 677 1453 738 καὶ

313 781 489 859 ἀπόκριναι
508 785 584 860 κν),
605 800 712 863 neque
724 799 800 844 vero
821 780 996 862 quidquam
1016 798 1055 842 ea
1071 798 1106 842 re
1125 778 1320 861 proficimus.
1345 777 1451 860 Atque

313 883 442 965 eadem,
460 885 497 945 ut
511 882 590 946 alios
607 883 790 965 omittaml),
807 883 1026 947 Ptolemaeo
1040 881 1194 946 Chenno
1211 884 1339 945 auctore
1355 880 1451 944 Ttetn

314 986 401 1050 Chil.
417 986 498 1049 VIII
514 989 579 1050 375
596 1006 641 1069 sq.
662 1008 690 1070 p.
705 988 768 1050 296
782 1007 826 1069 sq.
845 985 882 1050 K.
901 985 1008 1067 refert,
1025 987 1248 1066 praeterquam
1265 983 1348 1064 quod
1366 987 1452 1046 certa

314 1091 454 1154 nomina
462 1091 485 1171 ⁸)
509 1089 686 1171 traduntur,
706 1109 788 1172 quae
807 1108 914 1171 neque
933 1093 1063 1171 propter
1080 1087 1182 1169 ipsius
1202 1087 1335 1150 Luciani
1355 1085 1452 1149 verba

415 1243 434 1312 ¹)
459 1244 480 1296 Β
512 1245 628 1312 praebet
660 1243 852 1310 ἱετορήεθω
891 1243 966 1311 quod
999 1242 1105 1310 recepit
1140 1241 1363 1307 Sommerbrodt;
1399 1240 1451 1295 etsi

316 1329 482 1396 exemplum
501 1328 592 1382 simile
611 1345 669 1382 non
688 1329 798 1397 repperi
818 1327 1049 1398 (Kiihner-Gerth,
1075 1325 1185 1380 Griech.
1199 1325 1291 1380 Gram.
1305 1327 1328 1379 ll
1342 1343 1367 1394 p.
1381 1325 1451 1394 192),

315 1412 466 1468 tamenin
484 1416 581 1466 nostro
602 1417 716 1467 auctore
740 1413 859 1466 formam
878 1429 937 1466 non
956 1427 1069 1481 prorsus
1089 1411 1296 1465 intolerabilem
1320 1409 1451 1476 dixenm3

316 1497 464 1552 mordIcus
490 1502 583 1551 autem
609 1501 705 1553 tenere
730 1499 870 1552 noluerim
896 1497 1135 1567 pronuntiationis
1159 1497 1268 1551 ratione
1291 1497 1396 1550 habIta.
1417 1527 1451 1535 -

316 1583 401 1650 Quod
420 1583 493 1636 idem
513 1583 556 1636 vir
575 1584 682 1651 doctus
702 1584 748 1637 cui
768 1583 898 1638 assentiri
911 1583 1023 1638 videtur
1036 1582 1127 1637 Lauer
1140 1583 1183 1652 37,
1194 1606 1213 1650 a,
1234 1583 1351 1636 adnotat
1364 1583 1450 1636 haec:

260 1665 261 1668 ’
317 1667 428 1722 ““Αλλὰ
446 1667 490 1721 καὶ
508 1671 561 1721 τὸν
582 1672 673 1733 μῦθον
692 1670 811 1734 ἤκουεα(
899 1671 938 1722 ὼε
958 1669 1034 1737 φήιε,
1054 1667 1153 1721 elba&
1182 1667 1244 1721 Non
1264 1667 1360 1720 dubito
1385 1665 1452 1736 quin

315 1754 392 1808 haec
412 1754 485 1806 male
504 1753 611 1807 Inserta
631 1753 694 1821 sint,
715 1754 781 1822 quia
800 1769 934 1821 perquam
953 1753 1142 1823 importunum
1162 1755 1212 1821 est,
1232 1752 1301 1807 talia
1319 1767 1451 1805 enarrare

318 1837 358 1894 ad
385 1837 608 1906 promovendam
633 1855 693 1893 rem
719 1839 833 1892 minime
859 1838 963 1892 idonea
989 1855 1044 1907 quo
1070 1844 1195 1907 tempore
1218 1837 1392 1906 Polystratus
1412 1835 1452 1890 nil

317 1923 411 1991 magis
431 1923 507 1991 cupit
526 1939 609 1990 quam
629 1923 663 1976 de
682 1922 889 1992 pulchritudIne
909 1923 1001 1991 qualis
1021 1924 1056 1978 sit
1075 1923 1202 1977 mulieris
1222 1921 1327 1975 audire.
1355 1923 1450 1989 Itaque

317 2010 369 2061 aut
383 2006 478 2060 omnia
498 2012 547 2062 aut
566 2013 644 2062 certa
655 2013 743 2061 τοῦτο
760 2009 854 2072 μέντοι
868 2009 960 2061 ἄλλως
979 2009 1120 2075 ἱετορήθω
1143 2051 1147 2062 .
1164 2051 1189 2062 ..
1210 2007 1282 2060 εἶδε(
1297 2006 1451 2060 omittenda

316 2091 459 2161 videntur,
484 2092 525 2146 ita
543 2096 574 2145 ut
593 2093 687 2146 statim
707 2097 804 2162 pergat
823 2093 861 2145 ἴθι
883 2110 930 2156 μοι
949 2093 993 2146 καὶ
1011 2091 1079 2147 τόδε
1098 2091 1256 2160 ἀπόκριναι,
1277 2091 1300 2144 εἰ
1320 2089 1364 2143 καὶ
1384 2090 1451 2143 ...”

317 2178 390 2233 mihi
408 2195 467 2232 non
491 2179 651 2247 probantur.
681 2179 776 2248 Neque
796 2178 872 2231 enim
891 2179 1044 2247 quidquam
1065 2183 1173 2249 spectat
1192 2178 1322 2249 Lycinus‚
1346 2175 1402 2229 nisi
1421 2179 1451 2228 ut

317 2279 393 2333 quae
420 2263 524 2331 dialogi
549 2263 630 2317 initio
649 2265 779 2332 leguntur
803 2261 874 2317 αὐτὸ
893 2265 947 2330 γὰρ
973 2267 1007 2318 τό
1030 2270 1083 2318 rob
1106 2266 1214 2331 μὺθου
1239 2265 1328 2317 έκεῖνο
1351 2265 1449 2326 μικροθ

317 2350 378 2404 δέω
393 2347 487 2402 lieo<
501 2350 533 2402 ἐξ
547 2349 737 2415 ἀνθρώπου
752 2366 803 2402 (οι
815 2351 997 2413 γεγονέναι
1010 2352 1148 2416 πεπηγὼς
1164 2351 1221 2402 ὑπὸ
1234 2352 1286 2400 τοῦ
1306 2347 1449 2410 θαύματος

317 2435 449 2502 exemplo
469 2435 518 2488 illo
538 2435 618 2502 quasi
638 2434 798 2489 iuverteret.
827 2436 896 2490 Tum
914 2436 1084 2490 rhetoricum
1104 2454 1167 2491 esse
1185 2435 1254 2490 illud
1272 2437 1359 2487 τοῦτο
1379 2432 1450 2485 bene

318 2519 428 2574 monuit
442 2519 564 2586 Schmid,
578 2520 675 2574 Philol.
689 2521 720 2574 N.
735 2521 763 2574 F.
779 2521 847 2575 1901
861 2521 895 2575 IV
908 2522 973 2588 303;
993 2521 1098 2589 pariter
1117 2539 1139 2575 e.
1154 2538 1177 2590 g.
1192 2518 1312 2575 Sostrati
1326 2515 1450 2571 Thebani

317 2605 380 2660 vita
402 2605 484 2658 nobis
510 2622 566 2659 non
593 2606 735 2660 traditae
759 2605 820 2672 βίου
846 2607 1045 2673 Δημώνακτα(
1071 2610 1186 2660 auctore
1205 2603 1244 2673 (1)
1263 2607 1448 2667 memoratur;

317 2691 468 2758 praeterea
490 2689 551 2756 ipse
570 2689 711 2743 Lucianus
731 2690 834 2743 similia
854 2689 902 2744 dat
921 2691 1022 2760 (Helm,
1047 2692 1153 2747 Lucian
1171 2709 1198 2745 u.
1218 2691 1339 2760 Menipp‚
1354 2687 1449 2754 354,2;

317 2789 371 2843 pro
384 2772 466 2841 imag.
478 2773 530 2842 29).
546 2803 579 2810 -
593 2774 624 2826 In
643 2772 754 2842 dialogo
775 2790 817 2841 e0,
838 2790 920 2842 quern
940 2776 998 2844 ‘pro
1013 2777 1191 2846 imaginibus’
1210 2774 1360 2842 inscripsit,
1379 2774 1449 2826 haec

318 2857 438 2926 legimus
452 2857 520 2926 (28):
541 2857 599 2910 ἀλλ’
615 2849 729 2910 οὐδέπω
745 2855 813 2912 οὐδέ
831 2861 883 2912 τὸν
902 2861 1016 2925 ἄριετον
1034 2865 1095 2912 τῶν
1114 2856 1286 2926 φιλοςόφων
1304 2853 1448 2924 ἠμύναντο

319 2939 438 2996 εἰκόνα
458 2945 538 2994 θεοῦ
557 2943 618 2994 τὸν
636 2942 823 3007 ἄνθρωπον
838 2942 954 2998 εἰπόντα
968 2944 1047 2998 εἶναι.
1065 2946 1123 2999 Ηοο
1137 2962 1204 3000 vero
1218 2960 1358 3012 nusquam
1370 2943 1448 2996 Plato

319 3027 399 3095 dixit,
417 3028 470 3080 etsi
487 3027 517 3079 in
527 3025 641 3080 Timaeo
659 3025 735 3095 (eoa,
757 3029 822 3098 92ο)
841 3030 1018 3098 reperiuntur
1038 3048 1079 3098 ea,
1100 3047 1172 3099 quae
1192 3031 1261 3084 satis
1281 3034 1448 3098 congruant;

319 3112 451 3166 conicere
478 3116 572 3165 autem
599 3113 623 3166 si
647 3112 715 3180 quid
738 3113 806 3166 mihi
832 3114 906 3183 licet,
927 3116 1126 3169 Numenium
1145 3116 1191 3168 vel
1215 3115 1301 3169 alium
1325 3114 1449 3168 eiusdem

320 3196 432 3266 generis
458 3197 654 3266 philosophum
681 3197 774 3251 sciens
794 3203 841 3253 aut
860 3199 967 3254 inscius
992 3205 1105 3255 seculus
1126 3204 1179 3266 est3
1206 3198 1253 3253 ille
1274 3199 1349 3252 enim
1368 3197 1449 3252 facile

319 3298 385 3336 cum
404 3281 474 3335 locis
493 3282 684 3336 Platonicis
702 3282 738 3336 iis
757 3299 826 3351 quos
846 3285 959 3339 laudavi
981 3285 1097 3340 Ganos,
1112 3286 1221 3354 126sq.
1242 3285 1368 3338 contulit.

411 3366 432 3434 ²)
451 3365 603 3434 Ouerbeck,
624 3366 725 3421 Antike
745 3368 970 3437 Schriltquellen,
993 3370 1061 3422 1227
1073 3386 1112 3438 sq.
1128 3387 1152 3438 p.
1166 3370 1220 3423 236
1230 3385 1269 3436 sq.

412 3451 433 3520 8)
446 3452 593 3506 Macareus
602 3452 762 3507 Perinthius
774 3455 906 3519 έμμανῶε
916 3455 1026 3520 ἠράεθη
1037 3459 1088 3521 τῆ(
1097 3452 1279 3520 Ἀφροδίτης
1296 3469 1379 3521 aqua
1390 3453 1449 3520 dea,

319 3544 352 3593 ut
371 3537 459 3605 ipsius
472 3537 535 3591 loco
554 3537 597 3606 sit,
616 3537 642 3592 ei
662 3537 782 3593 donatur
801 3541 907 3608 lschas,
926 3540 1060 3595 meretrix
1074 3541 1181 3596 Cnidia.
1201 3539 1347 3606 Quomodo
1361 3539 1450 3592 Ptole-

320 3641 419 3680 maeus
445 3626 491 3678 vel
515 3623 575 3678 eius
601 3629 700 3679 auctor
723 3625 794 3679 haec
821 3623 1029 3694 compilaverit,
1057 3626 1177 3695 perspici
1203 3625 1323 3679 fortasse
1350 3628 1449 3692 potest.

321 3709 445 3764 Macarei
471 3709 546 3763 enim
565 3726 669 3763 nomen
688 3711 779 3764 rarIus
798 3710 948 3777 invenitur,
977 3712 1027 3766 sed
1045 3728 1166 3779 persona
1189 3710 1381 3780 mythologica
1400 3713 1448 3762 est.

321 3795 393 3849 Nam
413 3795 508 3849 fabula
527 3794 649 3862 quadam
669 3795 822 3864 (Schirmer
841 3797 915 3865 apud
934 3797 1072 3863 Roscher,
1095 3798 1148 3850 lex.
1168 3797 1284 3866 mythol.
1299 3794 1406 3849 112288
1424 3811 1448 3846 v.

321 3879 427 3948 Makar,
454 3879 532 3945 2289,
557 3879 642 3947 disq.
662 3899 688 3934 v.
708 3881 868 3951 Makareus)
894 3882 1043 3936 Macareus
1070 3882 1196 3936 Canaces
1223 3881 1328 3935 sororis
1355 3896 1449 3935 amore

321 3965 430 4018 incesto
458 3965 592 4032 flagrasse
618 3966 717 4032 fertur,
744 3970 803 4019 tum
829 3967 903 4021 illius
922 3967 997 4020 tiliae
1021 3982 1125 4020 nomen
1149 3970 1209 4021 erat
1228 3967 1289 4020 lssa
1313 3965 1357 4018 vel
1376 3966 1450 4017 lssas

323 4050 462 4119 (Parthen.
478 4050 551 4118 apud
571 4050 665 4119 Steph.
686 4051 750 4119 Byz.
765 4051 826 4119 339,
847 4052 879 4104 17
894 4052 943 4118 Μ.;
964 4052 996 4105 cf.
1011 4051 1151 4105 Schirmer
1169 4051 1344 4120 l.11552<1).
1374 4048 1449 4116 Quae

322 4136 362 4190 ita
381 4136 410 4189 in
436 4151 517 4189 usum
545 4152 625 4189 suum
652 4136 790 4190 convertit
816 4137 870 4205 ille,
897 4140 927 4190 ut
946 4138 1023 4190 lssae
1049 4137 1094 4190 vel
1113 4137 1217 4190 lssadis
1243 4137 1307 4190 loco
1334 4138 1451 4204 poneret

322 4219 447 4274 Ischadis
466 4236 578 4288 nomen,
604 4220 686 4274 nobis
706 4222 734 4274 id
758 4220 871 4289 quidem
891 4223 964 4276 ἅπαξ
988 4221 1139 4286 εἰρημένον
1162 4221 1272 4289 (Athen.
1286 4221 1346 4274 Xlll
1360 4218 1449 4286 aare),

323 4303 375 4357 sed
394 4306 424 4357 in
442 4306 636 4359 meretricibus
655 4306 686 4358 ni
704 4307 786 4359 fallor
804 4307 936 4375 (Bechtel,
957 4308 1010 4360 Att.
1025 4308 1241 4359 Frauennamen
1262 4305 1314 4358 100
1325 4304 1376 4373 sq.)
1396 4303 1451 4357 sol-

323 4389 427 4456 lemne,
447 4391 567 4444 accessit
587 4395 681 4445 autem
699 4392 846 4446 Macareus
866 4391 920 4446 ille.
953 4391 1025 4459 Quid
1043 4407 1111 4444 vero
1131 4391 1300 4458 spectaverit
1319 4391 1450 4444 Perintho
