3240 5252
368 528 410 591 90
818 536 940 589 Petrus
960 535 1053 602 licie,
1413 529 1498 614 [⁶250]

366 709 440 772 dam
463 710 555 772 elium
573 705 670 792 poulo
696 707 856 789 hilariora,
881 716 915 771 ui
937 729 998 792 pro
1022 707 1146 789 Habito,
1168 730 1228 792 pro
1259 709 1402 773 Cornelio
1425 731 1499 773 cou-

366 812 527 896 pluresque
550 812 638 875 aliae.

457 913 610 976 Extrema
627 914 684 976 hac
699 915 731 975 iu
745 915 903 976 sententia
918 913 1033 976 lacuna
1045 916 1136 977 inest.
1153 914 1260 977 Voces
1274 915 1406 996 quidem
1422 934 1501 996 quae

367 1024 442 1079 sunt
461 1037 522 1100 pro
545 1016 654 1080 Roscio
676 1016 881 1098 interpolatas
906 1035 976 1079 esse
1004 1017 1067 1078 iarn
1091 1017 1215 1098 pridem
1240 1018 1499 1081 animadversum

367 1120 458 1198 est1).
492 1119 605 1201 Neque
630 1121 716 1182 enim
742 1119 819 1182 lerri
847 1124 968 1201 potest:
989 1120 1043 1183 illo
1067 1140 1129 1204 pra
1155 1119 1265 1185 Roscio
1289 1122 1433 1185 iuuenilis
1455 1143 1501 1185 ro·

366 1224 543 1288 duudautiu
559 1242 619 1286 neo
635 1222 762 1304 placent
778 1223 937 1286 Schuetzii
957 1222 1006 1285 vel
1019 1222 1235 1305 Heerdegenii
1254 1223 1461 1286 coniecturae
1471 1225 1500 1301 Ξ).

366 1326 428 1390 Sed
453 1327 553 1389 nihilo
578 1328 678 1389 setius
701 1326 799 1389 verba
827 1345 909 1407 quac
937 1332 1013 1388 sunt
1039 1327 1094 1390 illa
1121 1327 1265 1390 iuuenilis
1290 1329 1500 1392 redundantia

367 1429 406 1493 de
424 1429 568 1492 Tulliana
587 1449 644 1512 pro
664 1429 778 1492 Roscio
799 1430 940 1492 oratione
965 1429 1027 1491 dici
1047 1431 1167 1492 rectius
1192 1429 1274 1490 vidn
1293 1429 1500 1512 interpolator

367 1551 461 1615 quam
481 1532 572 1594 multi
592 1533 689 1595 huius
708 1533 819 1594 aetatis
839 1532 899 1593 viri
919 1532 1012 1594 docti.
1038 1531 1196 1594 Offendor
1213 1533 1316 1612 igitur
1336 1533 1498 1613 sententia

367 1655 462 1716 quam
486 1635 532 1698 sic
555 1634 721 1717 intellego:
746 1633 821 1719 Ipsa
840 1638 921 1698 euim
946 1635 1000 1698 iila
1018 1635 1160 1698 iuuenilis
1184 1635 1400 1698 redundantia
1424 1635 1453 1716 (i.
1473 1655 1498 1698 e.

366 1737 421 1800 illa
442 1758 499 1820 pro
524 1737 639 1801 Roscio
664 1737 774 1816 oratio)
798 1738 896 1801 mulla
919 1737 1005 1801 habel
1032 1743 1203 1818 alteuuoio,
1229 1739 1383 1822 quaedam
1408 1741 1497 1801 eliam

361 1842 457 1926 paulo
469 1841 656 1920 hilariore),
669 1848 703 1905 ut
715 1862 775 1925 pro
791 1840 916 1920 Habita,
929 1861 992 1924 pro
1010 1839 1149 1904 Cululis
1165 1841 1395 1924 compluresque
1410 1842 1495 1905 aliae.

366 1944 486 2007 Eadem
511 1944 647 2007 offensio
672 1949 848 2023 remaneat,
874 1944 900 2005 si
925 1943 994 2004 illas
1018 1962 1112 2005 voces
1137 1943 1184 2005 sic
1212 1943 1378 2024 explicare
1403 1943 1497 2023 malis,

367 2053 403 2110 ut
418 2047 604 2129 significent
618 2049 753 2110 aetatem
773 2045 867 2127 illam,
887 2066 949 2126 qua
964 2045 1059 2108 Tullii
1079 2046 1206 2108 iuuenis
1225 2046 1387 2109 orationes
1404 2047 1498 2108 nimia
1601 2051 1602 2102 ἶ

366 2149 579 2213 redundantia
598 2149 790 2212 laborabant.
816 2151 868 2212 An
888 2149 1075 2211 Ciceronem
1097 2149 1273 2210 orationem
1299 2167 1391 2210 suam
1417 2168 1496 2210 anno

367 2253 530 2316 66110111.
545 2274 573 2315 n.
587 2273 643 2336 pro
657 2252 805 2316 Cluentio
819 2251 935 2314 Habito
953 2258 984 2314 et
1000 2251 1174 2314 orationem
1192 2271 1276 2314 amm
1291 2254 1332 2314 (52
1345 2273 1371 2313 a.
1386 2251 1455 2314 Chr.
1469 2272 1495 2313 n.

365 2377 422 2440 pro
435 2357 583 2420 Cornelio
601 2356 688 2420 Sulla
705 2357 842 2419 habitam
860 2356 907 2418 illi
923 2355 1056 2419 iuvenili
1074 2357 1168 2418 aetati
1182 2357 1369 2419 attribuisse
1384 2358 1496 2439 putas?

364 2462 466 2524 lmmo
491 2462 667 2523 orationem
691 2479 748 2542 pro
769 2458 916 2522 Cluentio
940 2459 1079 2521 habitam
1104 2460 1166 2521 iam
1191 2465 1351 2521 maturam
1370 2460 1496 2540 iudicat,

363 2564 398 2626 id
422 2565 507 2646 quod
531 2569 617 2647 patet
640 2583 682 2626 ex
701 2563 806 2626 verbis
832 2581 913 2644 quae
932 2562 1140 2625 antecedunt:
1166 2561 1215 2625 Ab
1234 2562 1291 2625 lroc
1310 2563 1413 2626 indole
1435 2566 1496 2626 iam

363 2669 420 2732 illa
443 2676 583 2732 motura:
610 2689 689 2732 eruor
710 2670 823 2753 paneri,
848 2687 973 2730 aoruca
994 2665 1064 2748 filii,
1084 2665 1169 2748 filiae
1186 2667 1304 2750 paulac.
1332 2665 1436 2741 Quam
1459 2666 1495 2729 oh

364 2790 430 2833 rem
462 2770 610 2832 lacunam
635 2770 723 2833 hiare
752 2789 868 2832 censeo
895 2775 968 2852 post
996 2787 1107 2832 vocem
1131 2769 1293 2833 hilariora.
1326 2769 1392 2832 Ubi
1418 2788 1495 2850 qliae

365 2873 556 2954 exstiterint,
572 2873 665 2936 facile
683 2878 730 2935 est
747 2873 886 2954 cognitu,
900 2891 1094 2954 quamquam
1111 2870 1239 2953 singula
1256 2871 1355 2934 verba
1371 2872 1495 2934 restitui

364 2983 539 3060 nequeunt.
569 2977 796 3059 Respondeant
819 2978 905 3039 enim
935 2978 1020 3040 inter
1046 2995 1081 3038 se
1104 2994 1236 3039 necesse
1263 2981 1311 3039 est
1341 2997 1387 3056 ea,
1416 2995 1493 3058 qnae

364 3081 476 3144 Cicero
496 3079 603 3142 attulit
627 3079 666 3142 de
685 3080 798 3162 grandi
817 3079 966 3160 dictione,
990 3084 1086 3161 atque
1110 3098 1156 3158 ea,
1182 3098 1265 3160 quae
1291 3098 1332 3142 ex
1358 3098 1417 3142 sua
1441 3099 1493 3162 pro

364 3186 480 3250 Roscio
497 3186 640 3248 oratione
652 3185 795 3248 laudavit
811 3185 966 3249 hilariora.
985 3184 1117 3248 Excidit
1129 3186 1226 3268 igitur
1243 3186 1330 3248 illius
1345 3187 1494 3249 orationis

364 3290 454 3353 locus
471 3288 601 3370 quidam
617 3289 755 3370 hilarior,
768 3289 801 3350 id
814 3289 900 3370 quod
911 3288 1063 3352 facillime
1076 3288 1149 3351 fieri
1161 3290 1275 3370 potuit,
1290 3309 1365 3351 eum
1377 3289 1494 3352 librarii

365 3392 450 3454 oculi
469 3391 653 3454 aberrarent
676 3413 694 3454 a
712 3393 818 3474 priore
841 3398 876 3456 ui
899 3392 938 3454 ad
957 3393 1116 3474 posterius
1140 3399 1175 3455 ui
1198 3393 1271 3476 (pra
1290 3392 1410 3457 Habito
1429 3395 1494 3472 etc.)

454 3495 576 3558 Verum
592 3502 717 3578 praetor
733 3497 820 3559 hunc
836 3494 943 3559 locum
958 3496 1146 3559 eltosciana
1161 3495 1291 3558 allatum
1305 3497 1495 3559 exciderunt

365 3599 417 3662 hic
437 3597 592 3661 nonnulla
613 3619 741 3680 quoque
762 3599 822 3662 alia
842 3599 949 3663 rerba,
975 3597 1064 3674 Quae
1079 3591 1293 3680 respexerunt
1309 3600 1350 3661 ad
1366 3599 1436 3662 illa:
1460 3599 1495 3664 ab

363 3702 420 3764 hoa
443 3701 545 3765 iudole
567 3704 630 3764 ium
658 3703 714 3766 illo
737 3710 863 3766 matura
890 3708 921 3765 et
949 3702 1083 3765 istorum
1107 3706 1200 3765 erant
1223 3701 1350 3764 similia.
1387 3706 1435 3766 Ac
1459 3703 1495 3766 de

365 3804 470 3867 verbis
494 3804 700 3868 restituendis
724 3805 820 3868 dubio
845 3805 988 3870 haerenti
1012 3805 1132 3868 auxilio
1157 3805 1237 3866 mihi
1262 3806 1353 3868 venit
1373 3805 1496 3882 Quinti-

363 3906 477 3968 lianus
506 3905 685 3989 Exscripsit
703 3909 788 3970 enim
809 3909 895 3971 hunc
917 3908 1059 3971 Oratoris
1077 3907 1183 3972 locum
1208 3908 1337 3972 inlust.
1359 3930 1403 3973 or.
1424 3909 1495 3990 ΧΠ,

457 4077 476 4144 ι)
495 4077 587 4130 Verba
606 4077 722 4130 seclusit
741 4077 853 4143 Bakius,
874 4078 890 4130 l.
910 4078 927 4131 l.
942 4093 1003 4145 pag.
1018 4077 1060 4131 58.

454 4162 474 4228 a)
492 4161 656 4216 Schuelzius
682 4161 815 4216 coniecit:
843 4163 893 4214 iliu
914 4179 970 4230 pro
989 4163 1086 4214 Roscio
1105 4165 1135 4214 iu
1154 4165 1273 4215 iuuenili
1298 4167 1496 4230 redundantia,

363 4246 580 4315 Heerdegenim,
601 4247 642 4301 cd.
657 4248 725 4315 prol.
740 4265 801 4316 pag.
815 4249 923 4301 XXXlll
937 4248 1051 4301 obtulit:
1072 4248 1122 4300 illa
1139 4264 1193 4314 pro
1207 4247 1306 4302 Roscio
1326 4267 1361 4302 ex
1381 4251 1498 4303 iuvenili
1601 4239 1602 4254 ¹

364 4332 559 4384 redundantia.
947 4340 949 4343 ’

455 4416 477 4484 ³)
496 4415 647 4471 Attenuata
666 4422 731 4472 sunl
750 4418 861 4486 generis
881 4418 992 4472 dicendi
1005 4419 1106 4486 tenuia,
1126 4418 1263 4473 hilariora
1277 4422 1391 4489 generis
1405 4421 1494 4475 medii.
