3240 5252
350 525 392 588 72
798 531 917 584 Petrus
937 530 1029 598 Bais,
1387 521 1472 606 [232]

348 707 514 768 immutata
537 702 714 787 [immutato
736 702 763 765 L
786 709 905 766 muwto
928 701 979 785 Al.
1011 702 1181 767 Translata
1204 703 1271 766 dico
1296 701 1374 785 [dico
1393 700 1474 764 Are

348 827 384 872 ca
406 807 474 870 dico
496 805 574 890 nn,
598 813 633 869 ut
656 826 743 890 saepe
765 807 838 886 iam,
862 826 939 890 quae
957 825 1017 889 per
1039 805 1274 870 similitudinem
1297 805 1336 869 ab
1358 806 1423 868 olio
1444 825 1476 868 rc

350 909 401 994 [ab
423 911 488 974 alia
511 930 545 972 re
568 907 624 970 Aa
645 909 689 972 oct
711 909 807 972 oliam
832 929 896 972 rem
920 907 988 991 ΡΟ]
1017 915 1073 972 aut
1096 911 1257 972 suauitatis
1279 915 1336 972 aut
1358 910 1476 992 inopiae

348 1033 442 1077 causa
454 1011 707 1094 transferuntac·;
721 1017 849 1091 mutata,
861 1011 1016 1096 inquibus
1025 1032 1088 1095 pro
1102 1010 1189 1075 cubo
1195 1014 1329 1095 proprio
1340 1009 1477 1095 [proprio

349 1114 376 1201 L
396 1135 455 1178 om.
475 1115 518 1198 A]
542 1114 692 1178 subicitur
714 1114 811 1194 aliud,
835 1115 915 1199 qaod
937 1115 1018 1178 idem
1036 1113 1192 1199 siqnificet‚
1215 1121 1372 1198 sumptum
1392 1135 1428 1178 cc
1446 1135 1477 1177 re

348 1219 455 1303 aliqua
471 1219 668 1302 consequenti.
700 1216 788 1296 Quod
803 1237 989 1301 quamquam
1007 1217 1225 1299 transferendo
1237 1217 1283 1299 fit,
1299 1225 1403 1281 tamen
1418 1218 1477 1281 alio

349 1321 438 1384 modo
461 1320 629 1400 transtulit,
653 1340 723 1383 cum
746 1320 826 1383 dicit
850 1318 943 1402 [dicit
965 1318 1023 1381 AL
1045 1320 1119 1384 dicit
1137 1319 1163 1403 f]
1187 1319 1314 1384 Ennius
1331 1342 1433 1384 arcem
1451 1328 1477 1384 ct

348 1425 455 1488 urbem
478 1423 566 1487 orbos
590 1421 704 1505 [arcem
727 1430 755 1486 et
779 1422 882 1486 urbem
905 1421 995 1486 orbos
1017 1421 1043 1484 L
1066 1429 1171 1486 arcent
1198 1423 1278 1488 urbe·
1296 1421 1373 1487 orba
1396 1423 1476 1507 All),

348 1527 411 1590 olio
434 1527 521 1590 νηοάο
543 1529 571 1590 si
594 1547 656 1610 pro
681 1528 791 1610 patria
819 1546 921 1589 arcem
948 1526 1073 1590 dicisset
1095 1533 1123 1590 et
1145 1525 1309 1590 borridum
1332 1526 1477 1609 Africam

348 1629 482 1693 terribili
503 1635 631 1693 tremere
654 1629 822 1708 tumultui)
845 1649 913 1691 cum
938 1629 1013 1692 dicit
1030 1649 1092 1712 pro
1107 1628 1200 1711 Afris
1226 1632 1387 1693 immutate
1411 1627 1477 1714 [im-

349 1738 464 1796 mutate
487 1736 516 1794 A
539 1735 684 1795 immutat
708 1731 745 1814 L]
768 1730 923 1813 Africam.

439 1835 492 1898 Sic
510 1836 544 1896 in
564 1834 730 1898 codicibus
749 1836 887 1916 scriptae
904 1835 1115 1898 inveniuntur
1133 1835 1193 1898 hae
1208 1836 1406 1918 paragraphi.
1431 1837 1477 1898 Ac

348 1938 488 2020 primum
502 1936 630 2018 quidem
643 1937 764 2001 leviora
777 1937 952 2002 absolvam:
966 1937 1089 2000 librarii
1105 1939 1204 2001 errori
1218 1938 1357 2001 debetur
1372 1938 1475 2018 falsae,

349 2059 446 2123 quem
458 2041 574 2122 notavi,
587 2043 825 2121 coniunctivus3
838 2063 874 2106 ea
890 2040 929 2104 ad
946 2041 1217 2122 distinguendum,
1230 2061 1294 2122 quo
1307 2042 1477 2124 respiceret

347 2163 526 2226 pronomen
542 2144 720 2226 relativum,
741 2144 936 2228 adscriptum
956 2144 1176 2224 emendetur,
1196 2145 1386 2225 praesertim
1406 2165 1477 2208 cum

348 2247 459 2329 paucis
476 2247 622 2310 versibus
638 2253 710 2330 post
724 2267 790 2309 non
808 2247 951 2310 eiusdem
968 2247 1054 2309 modi
1069 2247 1232 2329 legantur:
1250 2254 1373 2311 mutua
1388 2246 1476 2326 <eo>,

348 2352 383 2413 in
407 2350 515 2434 quibus
538 2355 596 2413 etc.
628 2349 692 2412 Sed
710 2350 802 2433 plura
820 2351 966 2430 graviora
989 2349 1069 2411 mihi
1092 2369 1181 2412 nnnc
1203 2354 1280 2412 sunt
1298 2350 1475 2413 mactanda:

438 2452 462 2515 I.
487 2458 595 2516 utrum
620 2452 791 2516 dicendum
816 2454 872 2515 sit:
897 2457 997 2517 oratio
1020 2454 1120 2517 sedate
1139 2453 1321 2538 placideque
1344 2455 1477 2538 loquitur

348 2575 389 2618 an
413 2560 512 2620 oratio
535 2607 589 2620 ...
614 2557 746 2642 liquitur
769 2577 809 2619 arr
828 2556 990 2638 Purgoldo
1010 2561 1139 2619 anctore
1158 2559 1257 2620 oratic
1280 2607 1336 2619 ...
1357 2558 1475 2621 autur.

351 2657 456 2739 Atque
485 2660 638 2741 loquendi
671 2660 768 2724 verbo
793 2661 845 2723 hic
872 2660 963 2723 locus
991 2665 1136 2723 nonest.
1173 2659 1266 2735 Quod
1291 2662 1378 2723 enim
1402 2680 1476 2722 non-

349 2762 440 2842 nulli,
464 2766 500 2824 ut
518 2763 713 2845 probaretur,
738 2764 912 2826 attulerunt
934 2783 1051 2826 nomen
1072 2761 1265 2825 abstractum
1282 2763 1477 2844 (orationem)

349 2864 489 2948 positum
514 2885 584 2930 esse
613 2886 670 2950 pro
695 2872 844 2930 concreto
876 2869 1030 2947 (oratore),
1060 2873 1097 2928 nt
1123 2867 1158 2927 in
1181 2865 1325 2928 Platonis
1349 2865 1398 2930 De
1421 2867 1476 2948 leg.

349 2970 368 3032 l.
388 2968 413 3051 Ι,
431 2970 495 3032 ael
508 2971 554 3032 A:
581 2969 815 3049 dpoprco'tnevoc
832 2969 850 3031 ὁ
868 2970 963 3044 λόγος
982 2969 1083 3049 οὗτος,
1099 2954 1149 3032 ιὡς
1166 2969 1232 3044 ἐμοὶ
1249 2970 1401 3050 φαίνεται,
1421 2972 1476 3031 νῦν

350 3073 485 3151 βούλοιτ’
511 3073 549 3136 ἂν
567 3073 666 3151 μόνην
685 3069 827 3136 παιδείαν
844 3071 1097 3153 προεαγορεύειν,
1121 3071 1204 3134 bene
1219 3071 1340 3134 refellit
1356 3072 1478 3136 Goeller

349 3175 385 3236 in
410 3177 457 3238 ed.
477 3175 562 3258 Lips.
582 3196 608 3238 a.
631 3177 716 3239 1838
741 3196 810 3258 pag.
828 3176 891 3238 208
912 3175 1083 3238 ostendens
1108 3174 1274 3237 Platonem
1297 3175 1356 3237 τὸν
1382 3175 1478 3249 λόγον
1599 3245 1600 3254 ¹

351 3277 457 3342 dicere
487 3299 544 3362 pro
570 3297 614 3349 ec,
632 3277 719 3359 quod
743 3284 791 3342 est
815 3279 832 3340 ὁ
858 3279 968 3359 λέγων,
998 3278 1050 3340 hic
1074 3282 1182 3340 antem
1211 3275 1275 3340 dici
1305 3279 1479 3341 orationem
1599 3263 1600 3306 ³

350 3400 407 3463 pro
432 3382 583 3444 orationis
602 3381 712 3443 forma.
746 3380 882 3444 Accedit
905 3379 990 3461 quod
1014 3379 1165 3443 adverbia
1182 3380 1284 3444 sedate
1301 3381 1479 3466 placideque
1599 3379 1600 3382 ’

350 3485 407 3545 vix
431 3485 506 3547 addi
529 3485 664 3566 possunt
687 3483 783 3547 verbo
807 3483 968 3564 loquendi,
999 3483 1056 3546 sed
1080 3501 1173 3565 saepe
1198 3481 1313 3546 dicunt
1336 3483 1479 3547 homines
1599 3473 1600 3550 J

349 3585 471 3650 flumen
489 3587 635 3650 sedatum
646 3585 880 3668 placidumque.
904 3586 1017 3668 Itaque
1029 3587 1165 3672 loquitur
1178 3587 1366 3649 coniectura
1379 3593 1480 3650 ortum

351 3707 423 3752 esse
447 3709 489 3752 ex
512 3691 644 3775 liquitur
666 3689 763 3771 idque
787 3691 821 3752 in
845 3691 988 3752 omnium
1012 3688 1165 3751 librorum
1189 3687 1279 3752 fonte
1302 3689 1406 3753 fuisse
1429 3709 1480 3772 ap·
1599 3743 1600 3750 ,

351 3797 449 3874 paret.
482 3793 570 3869 Quae
591 3815 663 3858 cum
684 3796 730 3856 ita
745 3795 816 3874 sint,
840 3793 900 3856 bac
916 3792 956 3856 de
973 3793 1159 3874 quaestione
1175 3811 1307 3874 prorsus
1327 3793 1480 3857 assentior

445 3937 464 4007 ¹)
484 3939 563 4008 Quod
582 3944 730 4008 praeterea
752 3939 783 3992 in
806 3939 904 3993 codice
928 3939 1049 4007 quodam
1072 3938 1228 3992 recentiore
1253 3943 1360 3992 exstat:
1385 3939 1480 3991 ardent
1598 3931 1600 3998 f

351 4024 445 4075 urbem
464 4025 566 4094 orbam,
585 4025 657 4078 lalso
676 4025 875 4092 interpretatus
895 4041 1008 4077 versum
1027 4039 1079 4077 suo
1093 4041 1127 4076 ex
1139 4023 1253 4092 ingenio
1268 4040 1309 4088 ea,
1331 4040 1405 4092 quae
1418 4023 1480 4076 inA

351 4109 396 4161 vel
410 4109 470 4163 eius
489 4109 519 4162 in
538 4110 700 4178 apographo
720 4110 813 4178 aliquo
826 4109 942 4176 invenit,
957 4109 1088 4163 librarius
1108 4108 1237 4162 correxit.
1258 4107 1389 4177 Cogitare
1409 4108 1480 4161 enim

351 4194 462 4262 putavit
480 4199 593 4262 poetam
612 4195 646 4248 de
665 4195 756 4248 Roma
774 4194 927 4261 aliquando
945 4194 980 4247 ab
1000 4193 1129 4246 hostibus
1147 4193 1273 4264 incensa.
1598 4227 1600 4264 ἐ

444 4280 463 4348 ²)
482 4280 565 4333 Ennii
578 4280 679 4332 Annal.
693 4296 719 4332 v.
733 4279 787 4332 310
805 4279 850 4347 (ex
862 4278 990 4332 Vahlenii
1003 4279 1073 4330 Enn.
1086 4277 1180 4346 poesis
1200 4279 1248 4331 rel.
1264 4279 1311 4331 alt.
1327 4279 1370 4332 ed.
1384 4295 1409 4347 p.
1423 4277 1479 4344 bip:

351 4362 454 4427 Africa
472 4365 595 4416 terribili
611 4366 704 4416 tremit
716 4365 832 4416 horrida
846 4371 922 4416 terra
939 4363 1067 4430 tumultu,
1087 4379 1159 4430 quae
1177 4361 1215 4414 ibi
1235 4367 1303 4416 sunt
1317 4367 1429 4432 recepta
1448 4378 1480 4416 er
1528 4397 1530 4400 -

354 4446 410 4502 Cic.
431 4449 468 4503 ad
486 4450 551 4502 lam.
572 4449 651 4516 epist.
672 4449 715 4517 IX,
729 4450 754 4516 7,
770 4449 786 4500 2
806 4453 833 4502 et
853 4465 887 4502 ex
906 4449 1030 4502 eiusdem
1051 4448 1090 4500 De
1111 4447 1320 4515 or.1.111‚167.
