3228 5268
216 549 217 552 Ἴ
324 483 367 536 De
387 481 513 550 Gregorii
532 481 702 535 Nazianzeni
721 482 894 537 orationibus
913 482 1085 538 funebribus.
1231 480 1271 542 19

228 656 278 717 Ac
298 653 442 736 primum
462 652 592 735 quidem
607 652 797 717 Aristoteles
816 655 876 716 tria
887 653 943 717 illa
955 673 1074 737 genera
1093 657 1273 719 orationum

135 757 318 840 distinguit,
343 774 446 839 genus
463 754 714 838 deliberativum,
739 756 826 838 quod
847 758 884 820 τὸ
908 757 1080 839 ςόμφερον,
1103 777 1207 841 genus
1223 760 1273 821 iu·

136 860 260 942 dicialc,
295 857 386 940 quod
414 859 451 922 τὸ
475 859 595 922 δίκαιον
619 861 668 922 καὶ
696 857 814 941 ἄδικον,
844 878 948 942 genus
979 859 1272 945 demonstrativum,

136 963 224 1046 quod
247 964 287 1026 τὸ
304 963 406 1025 καλὸν
422 963 470 1025 καὶ
486 961 613 1040 αίςχρόν
630 963 777 1043 sequitur
786 964 817 1043 ¹).
841 963 1059 1026 Anaximenes
1074 983 1151 1027 vero
1168 964 1273 1028 solum

138 1085 240 1150 genus
276 1065 525 1128 deliberativum
556 1070 588 1128 et
619 1064 769 1128 iudiciale
803 1067 902 1129 novit.
937 1065 1035 1149 Apud
1067 1068 1273 1132 Aristotelem

137 1172 239 1253 igitur
269 1169 403 1232 ἔπαινος
433 1170 465 1231 et
486 1167 598 1244 ’ψόγος
627 1169 686 1230 uni
714 1169 837 1249 generi,
868 1187 983 1252 nempe
1013 1167 1272 1254 demonstrativo,

137 1274 397 1356 subiunguntur,
430 1290 504 1333 cum
535 1271 755 1334 Anaximenes
785 1270 848 1334 duo
885 1272 950 1349 είδη
983 1271 1084 1336 libem
1115 1274 1272 1355 praebeat,

136 1373 219 1442 εἶδος
251 1373 499 1452 ἐγκωμιαςπκόν
526 1375 575 1436 καὶ
598 1374 755 1451 ψεκτικόν.
771 1411 815 1422 -
838 1373 920 1437 Cum
942 1375 1101 1440 Isocrates
1131 1381 1163 1440 ot
1185 1379 1272 1440 Ana-

138 1481 288 1543 ximenes
302 1477 441 1541 doceant
450 1477 505 1558 eir,
519 1477 575 1558 qui
585 1475 764 1559 laudantur,
777 1477 874 1541 etiam
885 1477 963 1541 tales
975 1479 1120 1562 virtutae,
1133 1499 1213 1561 quae
1226 1481 1273 1543 eis

138 1603 202 1646 non
213 1585 302 1663 sunt,
314 1579 429 1662 affingi
439 1579 478 1642 ab
488 1583 611 1643 oratore
619 1599 712 1662 posse
721 1581 959 1663 (Anaximenes,
968 1581 1274 1665 Spengel-Hammer

135 1685 159 1769 Ι,
177 1687 195 1748 2
213 1704 287 1767 pag.
307 1683 361 1763 28,
382 1683 418 1744 2:
444 1681 563 1756 ‘torum
580 1682 722 1747 ἐνδόξων
738 1683 862 1761 αὐξηςις
880 1688 929 1749 καὶ
946 1689 985 1763 μή
1002 1688 1189 1766 προςόντων
1203 1708 1273 1751 ςυν-

136 1786 297 1853 οικείωςις’
316 1791 351 1849 et
366 1784 463 1848 Isocr.
479 1784 583 1849 Busir.
599 1786 637 1849 4:
662 1786 720 1848 δεῖ
734 1788 810 1850 τοὺς
826 1789 880 1864 μὲν
898 1787 1040 1862 εὐλογεῖν
1056 1810 1141 1854 τινας
1158 1793 1272 1866 βουλο-

134 1895 252 1972 μένους
282 1890 382 1953 πλείω
405 1893 471 1952 τῶν
494 1888 705 1966 ὑπαρχόντων
729 1889 862 1964 ἀγαθῶν
886 1891 992 1956 αὐτοῖς
1019 1893 1169 1972 προςόντ’
1194 1892 1272 1956 ἀπο-

136 1996 296 2077 φαίνειν),
329 1993 520 2057 Aristoteles
550 1992 644 2056 docet
672 1994 788 2057 rheti
810 1996 838 2076 9,
871 1996 956 2057 1368
981 2016 999 2058 a
1023 1996 1081 2058 27:
1114 1996 1181 2059 *τὰς
1210 1996 1271 2074 γὰρ

133 2100 263 2178 πράξεις
282 2097 548 2175 ὁμολογουμένας
563 2097 780 2180 λαμβάνουςιν,
806 2098 883 2162 ὥςτε
898 2100 1009 2162 λοιπόν
1034 2101 1165 2176 μέγεθος
1187 2117 1272 2175 περι-

136 2206 234 2265 θεῖναι
251 2201 304 2263 καὶ
323 2197 460 2263 κάλλος’.
483 2197 574 2262 Licet
590 2198 720 2281 quidem
745 2202 839 2264 etiam
862 2221 920 2283 per
938 2221 1010 2265 eum
1035 2221 1073 2265 ea
1088 2202 1173 2282 vitia,
1191 2220 1272 2283 quae

136 2303 316 2366 virtutibus
347 2301 528 2382 propinqua
557 2307 640 2384 sunt,
664 2304 798 2368 virtutes
828 2305 936 2369 facere
967 2306 1020 2387 ita,
1052 2310 1089 2368 ut
1118 2305 1273 2369 audacem

134 2406 253 2471 fortem
285 2404 342 2468 vel
365 2403 533 2487 prodigum
561 2405 725 2469 liberalem
755 2426 918 2485 vocemus,
948 2427 1055 2489 neque
1079 2427 1154 2472 vero
1179 2408 1273 2472 docet

136 2512 283 2591 virtutes,
311 2525 396 2589 quac
413 2505 528 2570 desunt
542 2508 725 2572 hominibus
740 2508 915 2592 laudandis,
933 2510 1088 2592 attingere
1104 2512 1150 2574 eis
1164 2511 1271 2576 licere.

226 2610 361 2676 Deinde
392 2610 579 2674 Aristoteles
612 2612 674 2674 tria
696 2631 817 2693 genera
845 2612 1065 2677 laudationum
1096 2613 1271 2698 distinguit,

134 2735 277 2799 quorum
301 2733 407 2776 unum
430 2717 478 2776 est
501 2713 637 2795 ἔπαινος,
655 2715 790 2778 αλλόκοτα
821 2715 983 2797 ἐγκώμιον,
1014 2716 1145 2779 tertium
1175 2738 1271 2794 μακα-

134 2819 243 2899 ριςμός
269 2817 540 2900 (εὐδαιμονιςμός).
563 2810 718 2880 Ἐπαινος
742 2821 790 2880 cst
808 2818 878 2880 laus
895 2819 1092 2901 virtutum1),
1117 2819 1271 2897 ἐγκώμιον

134 2923 204 2987 laus
236 2940 377 3006 operum
408 2924 440 2983 et
468 2919 667 3002 factorum2),
699 2921 887 2998 μακαριςμός
910 2920 1103 2984 beatificatio
1113 2922 1144 3002 ³).
1179 2922 1272 2986 Haec

134 3028 195 3090 tria
218 3043 344 3109 genera
367 3023 401 3084 in
424 3022 648 3106 Xenophontis
672 3024 846 3106 ‘Agesilao’
863 3026 1035 3088 coniuncta
1049 3025 1270 3109 inveniuntur,

135 3148 199 3210 quo
211 3128 360 3211 primum
372 3144 474 3207 opera,
490 3127 560 3188 tum
575 3126 711 3189 virtutes
723 3126 903 3206 laudantur,
921 3147 999 3209 quas
1012 3127 1202 3205 perepicuo(
1221 3146 1270 3192 se-

133 3232 255 3313 quitur.
280 3228 468 3292 Verisimile
483 3229 582 3312 igitur
605 3235 653 3294 est
675 3231 738 3294 iam
757 3235 830 3294 ante
846 3231 1027 3295 Aristotelis
1043 3235 1143 3294 artem
1158 3250 1270 3294 unam-

134 3397 327 3453 monstrativc
354 3395 461 3464 attinet,
487 3396 681 3452 intercederet.
713 3399 890 3453 Wendlandii
916 3416 985 3453 vero
1010 3398 1207 3454 dissertatione
1235 3400 1270 3454 de

133 3483 315 3538 Anaximene
340 3479 498 3548 nuperrime
523 3481 600 3535 edita
618 3481 718 3551 (Herm.
731 3485 785 3536 vol.
799 3481 910 3536 XXXIX
930 3483 1008 3552 1904)
1029 3500 1093 3538 mea
1112 3483 1146 3537 de
1165 3484 1220 3537 hac
1239 3502 1269 3539 re

132 3566 315 3636 disceptatio,
336 3581 421 3633 quam
440 3566 475 3619 ad
494 3566 580 3619 finem
598 3568 791 3635 perduxeram,
812 3584 1024 3636 supervacanea
1043 3569 1119 3624 facta
1137 3572 1187 3622 est.

224 3653 246 3721 ¹)
265 3650 351 3705 Arist.
371 3650 437 3704 rh.l
456 3651 594 3720 9‚1367b
612 3653 662 3706 27:
682 3653 763 3706 ‘tcrrv
783 3653 806 3706 δ’
831 3655 846 3706 ό
867 3655 982 3707 ἔπαινος
1000 3655 1084 3719 λόγος
1104 3653 1270 3720 ἐμφανίζων

135 3739 257 3802 μέγεθος
278 3737 391 3802 ἀρετῆς.
411 3738 453 3789 δεῖ
472 3737 525 3790 οὐν
542 3738 592 3790 τὰς
611 3739 724 3803 πράξειε
744 3739 931 3792 ἐπιδεικνύναι
950 3741 990 3792 ὼς
1008 3740 1152 3794 τοιαῦται.

226 3823 248 3891 ²)
267 3819 421 3885 Ἓγκώμιον
433 3826 493 3875 τῶν
507 3823 602 3887 ἔργων
615 3822 719 3877 ἐςτίν..
732 3824 776 3875 διὸ
796 3822 841 3876 καί
860 3823 1073 3889 ἐγκωμιάζομεν
1091 3825 1269 3890 apotomae.

132 3908 222 3962 Simili
249 3906 338 3960 modo
364 3905 505 3961 Plutarchi
533 3906 592 3973 βίος
618 3910 654 3963 ab
677 3908 797 3962 historia
822 3908 923 3977 differt,
948 3925 1012 3962 cum
1038 3910 1108 3963 alter
1131 3909 1165 3960 τό
1188 3909 1268 3978 ἦθος,

131 3995 224 4048 altera
242 3993 297 4045 τὰς
317 3991 431 4057 πράξεις
450 3992 571 4047 illustret
578 4011 585 4059 ;
605 3993 640 4049 cl.
660 3994 726 4048 Leo
745 3994 763 4047 l.
777 4008 800 4046 c.
821 3993 935 4061 pg.147.

224 4077 246 4147 8)
269 4077 443 4142 perepicuo(
466 4077 497 4129 δέ
523 4076 568 4130 καί
594 4079 808 4144 εὐδαιμονιςμός
834 4079 931 4130 αὐτοῖς
958 4080 1008 4144 μὲν
1033 4078 1130 4146 ταύτό,
1154 4077 1270 4133 τούτοις

132 4163 156 4217 δ’
172 4164 206 4216 οὐ
226 4161 329 4230 ταύτά,
344 4160 402 4214 ἀλλ’
418 4162 515 4228 ὥσπερ
535 4162 552 4228 ἡ
572 4162 738 4229 εὐδαιμονία
755 4162 809 4228 τήν
828 4163 941 4233 ἀρετήν,
962 4163 1035 4217 καὶὸ
1050 4164 1269 4228 εὐδαιμονισμὸς

132 4249 258 4316 περιέχει
267 4250 368 4301 ταῦτα.
390 4245 612 4312 Εὐδαιμονισμός
621 4250 696 4318 apud
705 4247 852 4302 Philonem
860 4263 948 4316 genus
959 4249 1101 4318 proprium
1110 4246 1269 4304 carminum

132 4338 183 4404 est,
209 4331 357 4388 cf.1664:
377 4331 519 4402 “ἐπαίνων,
540 4333 699 4403 ἐγκωμίων,
718 4334 827 4403 ὕμνων,
848 4332 1098 4398 εὐδαιμονισμῶν’;
1127 4331 1162 4384 cs.
1183 4333 1270 4389 etiam

134 4419 266 4484 1488m3
288 4417 299 4469 I
320 4416 421 4482 625m;
441 4418 577 4472 11246111.
1140 4490 1174 4543 2*
